3359 5092
347 524 410 590 126
539 537 657 594 LIBER
673 537 863 607 XXXXIIII,
882 538 925 594 21.
940 537 984 594 22.
1003 539 1186 608 [amabit]

311 719 328 765 4
345 694 484 761 vinciam
499 695 751 781 proficiscantur.
778 694 906 760 additus
924 706 973 761 est
988 693 1039 760 his
1056 696 1169 760 tertius
1183 695 1227 760 1..
1240 696 1357 762 Anicius

345 801 488 876 praetor,
514 789 604 855 cuius
626 789 709 854 inter
731 790 916 875 peregrinos
938 788 1113 855 iurisdictio
1136 801 1221 868 erat3
1247 791 1358 856 eumiu

344 883 541 970 provinciam
558 883 724 969 Illyricum
742 884 827 948 circa
844 882 1051 968 Lychnidum
1064 885 1131 970 Ap.
1146 882 1285 950 Claudio
1302 907 1357 950 suc

312 1002 327 1048 s
346 978 459 1043 cedere
476 977 605 1063 placuit.
631 978 765 1043 dilectus
783 999 860 1042 cura
879 974 919 1043 C.
938 977 1066 1043 Licinio
1085 979 1210 1044 consuli
1228 979 1356 1064 inposite
1385 1021 1390 1046 t

345 1073 512 1158 inceptem
536 1072 624 1136 milia
646 1073 764 1139 civium
782 1072 1003 1139 Romanorum
1025 1085 1057 1139 et
1079 1073 1204 1157 equites
1222 1075 1357 1141 ducentos
1384 1115 1391 1158 ·.

313 1189 327 1235 6
346 1167 483 1232 scribere
501 1168 616 1244 iussus,
635 1178 667 1233 et
685 1168 778 1233 sociis
796 1168 932 1233 nominis
946 1168 1056 1233 Latini
1074 1180 1199 1254 septem
1217 1170 1304 1234 milia
1317 1193 1357 1256 pe·

313 1284 327 1330 s
346 1261 449 1325 ditum
471 1261 642 1347 imperare,
669 1262 919 1348 quadringentos
942 1262 1078 1346 equites,
1107 1274 1140 1328 et
1157 1260 1221 1328 Cu.
1241 1262 1357 1331 Servilio
1388 1291 1391 1349 ᾗ

346 1353 487 1421 Galliam
496 1355 650 1441 optineuti
659 1356 857 1441 provinciam
865 1358 985 1423 litteras
1001 1357 1138 1434 mittere,
1157 1368 1195 1422 ut
1216 1370 1356 1424 sescentos
1387 1407 1390 1445 Ξ

312 1472 327 1520 8
346 1451 469 1534 equites
487 1450 708 1516 conscriberet.
743 1450 829 1516 hunc
848 1451 1022 1518 exercitum
1039 1453 1082 1516 ad
1099 1453 1259 1539 collegam
1274 1452 1356 1539 primo
1384 1529 1389 1540 ι

346 1567 474 1630 quoque
492 1557 634 1631 tempore
652 1546 777 1611 mittere
794 1546 1063 1612 inMacedoniam
1080 1547 1202 1612 iussus:
1222 1547 1356 1632 nequeiu

346 1663 385 1705 ea
402 1640 566 1725 provincia
585 1640 658 1726 plus
681 1662 778 1724 quam
797 1641 877 1706 duas
898 1641 1041 1727 legiones
1060 1664 1145 1720 esse3
1171 1665 1229 1708 eas
1252 1641 1355 1728 repleti,
1385 1692 1390 1698 -

347 1745 384 1799 ut
400 1757 478 1800 seua
490 1735 578 1799 milia
595 1735 748 1821 peditum,
766 1747 910 1801 trecenos
927 1735 1083 1802 haberent
1096 1737 1238 1820 equites3
1256 1747 1355 1803 ceteros
1382 1786 1391 1826 ἶ

313 1849 328 1897 9
345 1829 469 1914 pedites
482 1829 668 1913 equitesque
681 1830 716 1894 in
731 1829 897 1915 praesidiis
912 1829 1053 1916 disponi;
1075 1830 1131 1914 qui
1145 1852 1258 1897 eorum
1271 1828 1355 1896 idone*
1380 1881 1391 1921 ·:

346 1924 389 1987 ad
405 1923 606 1989 militandum
619 1946 684 1988 non
698 1937 814 2001 essent,
832 1924 958 1989 dimitti.
984 1924 1096 1990 decem
1109 1935 1277 2010 praeterea
1290 1923 1356 1988 milis

299 2038 329 2087 ro
346 2016 492 2101 peditum
508 2017 663 2103 imperata
680 2017 774 2084 sociis
793 2030 825 2084 et
839 2019 1014 2104 octingenti
1028 2019 1162 2101 equites.
1190 2020 1226 2084 id
1239 2015 1355 2106 praesidi
1379 2068 1391 2107 ,-

346 2110 490 2175 additum
511 2111 629 2176 Anicio
650 2123 776 2198 praeter
799 2113 881 2178 duas
903 2113 1062 2197 legiones,
1089 2134 1169 2197 quas
1194 2111 1356 2199 portareiu

346 2205 572 2271 Macedoniam
591 2218 639 2272 est
655 2207 776 2284 iussus,
798 2207 897 2291 quina
914 2206 1002 2272 milia
1024 2207 1168 2292 peditum
1186 2220 1220 2273 et
1238 2209 1356 2274 ducenos
1383 2257 1391 2290 .-

346 2300 515 2379 habentes,
538 2312 682 2368 trecenos
701 2302 834 2386 equites.
879 2312 911 2367 et
927 2302 961 2366 in
979 2302 1112 2367 classem
1131 2302 1274 2387 quinque
1289 2301 1358 2366 milis

296 2415 326 2462 11
345 2396 507 2460 navalium
530 2396 652 2461 socium
675 2409 749 2461 sunt
770 2397 899 2482 scripta.
943 2396 1089 2462 Licinius
1116 2399 1230 2463 consul
1253 2397 1358 2463 duabus

345 2490 525 2575 legionibus
543 2490 686 2576 optinere
707 2490 905 2575 provinciam
926 2491 1049 2568 iussus3
1075 2512 1114 2557 eo
1132 2491 1253 2557 addere
1277 2491 1361 2557 socio-

345 2608 417 2648 rum
436 2585 546 2650 deoem
564 2583 651 2650 milia
668 2585 812 2670 peditum
830 2596 862 2650 et
880 2595 1041 2650 sescentos
1059 2584 1194 2669 equites.

314 2699 327 2745 1
410 2678 530 2744 XXII.
559 2677 698 2746 Senatus
713 2679 865 2744 consultis
878 2679 1029 2764 perfectis
1038 2678 1079 2743 L.
1089 2679 1253 2744 Aemilius
1266 2675 1360 2744 consul

346 2772 693 2839 couriaincontionem
700 2773 855 2859 prooessit
864 2773 1102 2857 orationemque
1112 2773 1212 2838 talem
1220 2767 1359 2860 [habuit]¹

313 2866 622 2933 a‘animadvertisse
649 2867 772 2945 videor,
800 2867 959 2950 Quirites,
985 2867 1137 2934 maiorem
1164 2868 1246 2933 mihi
1267 2866 1361 2933 sortito

346 2960 572 3028 Macedoniam
589 2963 785 3049 provinciam
798 2964 1044 3049 gratulationem
1056 2964 1175 3029 factam
1191 2985 1290 3049 quam
1301 2983 1360 3028 cum
1386 3047 1390 3056 Ι

347 3070 403 3122 aut
425 3059 536 3123 consul
557 3081 628 3123 sum
651 3059 882 3136 consalutatus,
909 3070 965 3124 aut
988 3080 1051 3142 quo
1075 3058 1126 3123 die
1153 3061 1360 3145 magistratum
1385 3089 1390 3144 3

313 3170 328 3218 a
346 3152 402 3218 inii
418 3153 536 3239 ipsum,
553 3174 658 3237 neque
675 3154 710 3218 id
723 3154 765 3217 ob
782 3153 878 3218 aliam
893 3175 1023 3218 causam
1041 3174 1137 3236 quam
1153 3153 1231 3236 quia
1248 3150 1361 3218 belloiu
1386 3171 1391 3240 ς

344 3247 549 3325 Macedonia,
566 3247 654 3331 quod
671 3247 727 3311 diu
744 3247 888 3324 trahitur,
906 3247 1110 3312 existimastis
1124 3247 1262 3333 dignum
1279 3245 1362 3312 maie·

347 3352 428 3408 state
450 3342 560 3427 populi
577 3342 715 3407 Romani
732 3342 854 3408 exitum
875 3365 934 3428 per
949 3365 1001 3408 me
1023 3342 1132 3427 inponi
1150 3364 1256 3429 posse.
1300 3339 1361 3404 deos

346 3458 475 3519 quoque
493 3435 568 3500 huic
590 3436 708 3502 favisse
730 3436 806 3501 sorti
824 3458 917 3523 spero
936 3436 1129 3520 eosdemque
1153 3436 1186 3500 in
1205 3437 1301 3502 rebus
1315 3455 1360 3519 gc·

313 3550 330 3595 4
346 3529 452 3594 rendis
483 3529 649 3594 adfuturos
680 3553 758 3596 esse.
810 3528 892 3596 haec
924 3530 1041 3616 partim
1074 3529 1227 3608 ominari,
1262 3526 1360 3615 pardus

348 3645 475 3709 sperare
498 3646 638 3709 possum.
681 3625 761 3690 illud
784 3625 951 3691 adfirmare
978 3648 1037 3711 pro
1065 3637 1152 3690 certo
1179 3625 1298 3701 audeo,
1320 3639 1359 3685 me

348 3718 435 3782 omni
452 3739 513 3804 ope
532 3719 717 3784 adnisurum
733 3743 814 3797 esse,
833 3717 906 3806 [ue]
920 3720 1039 3785 frustra
1052 3742 1109 3785 vos
1126 3719 1211 3786 hauc
1229 3714 1359 3806 spemtlt

315 3832 330 3878 5
348 3836 400 3878 me
424 3813 641 3898 conceperitis.
685 3836 768 3897 quae
791 3814 833 3878 ed
856 3814 976 3879 bellum
997 3836 1078 3899 opus
1100 3825 1228 3880 suntet
1249 3821 1359 3878 senatus

348 3906 497 3985 decrevit,
517 3917 549 3973 et
562 3908 714 3992 quoniam
728 3909 887 3993 extemplo
901 3907 1059 3993 proficisci
1075 3909 1183 3994 placet
1195 3929 1299 3992 neque
1312 3921 1358 3988 ego

347 4002 382 4068 in
399 4024 595 4078 morosum,
620 4000 659 4067 C.
677 4003 823 4068 Licinius
846 4002 984 4087 collega,
1011 4002 1060 4066 vir
1081 4002 1248 4088 egregius,
1274 4014 1359 4082 aequit

315 4098 441 4163 oenixe
463 4098 589 4183 parabit
611 4120 649 4164 ac
671 4098 699 4162 si
720 4098 789 4183 ipse
810 4097 845 4163 id
866 4098 986 4162 bellum
1008 4109 1157 4182 gesturus
1180 4108 1275 4163 esset
1316 4109 1360 4158 vot

349 4212 431 4275 quae
454 4192 610 4278 scripsero
633 4192 758 4258 senatui
779 4204 836 4258 aut
857 4192 948 4258 vobis
973 4189 1028 4278 [ea
1045 4214 1122 4257 vera
1143 4192 1281 4258 credatis
1297 4205 1361 4274 »ορ

349 4308 429 4350 neue
452 4284 611 4374 ru]mores
634 4287 820 4352 credulitate
844 4299 951 4352 vestra
972 4287 1079 4364 alatis,
1106 4307 1247 4370 quorum
1268 4297 1363 4352 auctor
