3359 5092
516 397 635 453 33333
651 395 839 467 xxxma,
858 397 956 452 3333.
977 396 1130 469 [aenea]
1275 384 1337 452 137

303 580 347 623 ac
360 555 462 621 fratre
471 557 592 639 alisque
604 553 801 640 principibus
809 553 1002 639 Illyriorum.
1028 554 1090 619 hoo
1103 577 1204 620 unum
1217 555 1337 622 bellum
1355 579 1370 627 5

305 651 400 738 prius
417 659 635 737 perpetratum
651 670 750 733 quam
767 659 916 733 coeptum
933 647 1055 714 Romae
1073 650 1217 715 auditum
1235 662 1293 716 est.

374 743 506 828 Quibus
532 742 645 808 diebus
666 741 747 807 13333
770 742 963 827 agebantur,
989 742 1128 809 Perseus
1149 766 1277 831 quoque
1303 746 1337 810 in

306 861 431 926 magno
448 850 568 904 terrore
585 848 653 902 erat
674 847 805 922 propter
821 834 995 902 adventum
1013 837 1107 903 simul
1125 839 1245 905 Aemili
1261 840 1337 905 novi

307 934 462 1010 consulis,
479 954 576 1017 quem
589 954 664 997 cum
679 931 864 1017 ingentibus
882 931 976 996 minis
989 932 1161 998 adventare
1175 934 1335 1009 audiebat,

306 1030 405 1094 simul
424 1025 543 1093 Octavi
559 1026 724 1113 praetoris.
767 1047 828 1091 333
845 1025 951 1090 minus
973 1028 1101 1092 terroris
1118 1050 1139 1091 a
1156 1029 1257 1093 classe
1270 1027 1336 1094 Ro-
1354 1049 1368 1096 6

306 1145 406 1188 mana
420 1131 454 1187 et
469 1121 611 1208 periculo
624 1120 812 1186 maritumae
826 1142 901 1185 orae
914 1119 1064 1187 habebat.
1090 1122 1335 1188 Thessalonicae

307 1216 475 1282 Eumenes
493 1226 525 1280 et
541 1215 766 1301 Athenagoras
784 1226 952 1301 praeerant
969 1237 1043 1279 cum
1059 1238 1160 1301 parvo
1177 1217 1334 1302 praesidio

306 1311 448 1377 duorum
464 1310 587 1375 milium
605 1320 806 1375 cetratorum.
834 1330 873 1375 eo
890 1321 923 1374 et
939 1310 1125 1376 Androclen
1138 1310 1335 1396 praefectum
1354 1331 1368 1377 ⁷

305 1406 416 1483 mittit,
433 1405 556 1470 iussum
574 1404 634 1468 sub
651 1403 729 1489 ipsis
743 1403 911 1469 navalibus
925 1415 1029 1469 castra
1044 1403 1172 1471 habere.
1199 1406 1336 1471 Aenean

304 1500 394 1566 mille
412 1500 537 1583 equites
556 1496 660 1586 [oum]
680 1496 1049 1585 Creonte'Antigonensi
1066 1500 1153 1565 misit
1170 1500 1212 1565 ad
1229 1511 1335 1565 tutan·

304 1595 382 1660 dam
399 1594 605 1658 maritumam
623 1615 727 1669 oram,
745 1605 782 1658 ut
799 1615 1002 1678 quocumque
1019 1594 1126 1661 littore
1143 1595 1333 1681 adplicuisse
1352 1617 1367 1664 3

302 1712 405 1756 naves
415 1688 555 1752 hostium
563 1687 736 1765 audissent,
746 1690 905 1775 extemplo
914 1689 1032 1755 ferrent
1041 1690 1220 1776 agrestibus
1230 1711 1333 1775 opem.
1364 1751 1366 1755 .

301 1805 449 1954 33
910 1782 1335 1870 '‘¹¹''
1353 1808 1367 1854 ⁹

300 1989 335 2040 et
351 1973 482 2039 Midon.
509 1972 559 2037 his
575 1971 727 2057 profectis
744 1972 849 2058 ripam
867 1974 990 2039 munire
1008 1972 1104 2059 Elpei
1120 1975 1259 2039 fluminis
1277 1974 1334 2040 ad·
1353 1996 1385 2044 10

301 2091 436 2156 gressus
459 2078 521 2144 est,
547 2066 625 2151 quia
646 2067 730 2132 sicco
752 2068 844 2132 alveo
867 2068 994 2135 transiri
1019 2080 1155 2154 poterat,
1199 2069 1274 2134 huic
1296 2080 1333 2133 ut
1352 2091 1382 2137 11

300 2164 407 2229 omnis
426 2161 596 2227 multitudo
614 2173 756 2240 vacaret,
779 2161 917 2228 feminae
937 2184 978 2228 ex
994 2163 1181 2249 propinquis
1199 2164 1332 2229 urbibus

301 2269 395 2324 cocta
417 2256 538 2322 cibaria
556 2257 592 2321 13
612 2268 716 2322 castra
734 2257 935 2324 adferebant:
959 2259 1050 2324 miles
1071 2259 1177 2324 iussus
1195 2281 1235 2324 ex
1259 2282 1332 2345 pro-

303 2352 434 2439 pinquis
452 2352 539 2416 silvis
555 2351 694 2439 benigne
712 2350 737 2440 [.
748 2401 756 2418 .
767 2350 793 2439 ]

367 2445 544 2511 XXXIII.
569 2443 655 2533 []
665 2446 820 2523 conferre,
838 2457 998 2533 postremo
1013 2447 1103 2531 sequi
1117 2471 1152 2514 33
1170 2448 1331 2535 putearios
1351 2468 1364 2512 1

307 2541 348 2605 ad
362 2563 463 2617 mare,
480 2539 568 2625 quod
584 2541 689 2606 minus
702 2552 860 2607 trecentos
874 2563 988 2626 passus
1002 2543 1122 2620 aberat,
1140 2542 1232 2607 iussit
1249 2555 1281 2609 et
1297 2542 1332 2608 13

263 2659 272 2734 3
306 2636 395 2702 litore
419 2636 499 2701 alios
522 2635 598 2701 alibi
620 2635 753 2701 modicis
775 2637 951 2702 intervallis
974 2638 1093 2703 fodere
1137 2649 1261 2703 montes
1283 2638 1332 2703 in-
1350 2654 1365 2701 a

263 2787 266 2796 .
306 2731 409 2818 gentis
432 2730 606 2795 altitudinis
628 2753 719 2815 spem
741 2730 917 2808 faciebant,
944 2753 983 2797 eo
1006 2733 1108 2818 magis
1131 2732 1207 2816 quia
1226 2733 1331 2798 nullos

263 2835 274 2933 ξ,
307 2837 433 2936 apertos
440 2836 605 2911 egererent
617 2826 713 2903 rivos,
731 2826 1043 2985 occultosdcontinere
1057 2828 1176 2905 latices,
1195 2850 1331 2986 quorqm

263 2949 274 2982 s
307 2939 405 2985 venae
422 2941 457 2984 m
474 2941 561 2985 mare
624 2931 807 2985 rmauantes
824 2943 869 2985 un
893 2944 931 2986 ae
952 2922 1169 2986 miscerentur.
1204 2923 1259 2986 vix
1299 2945 1332 2987 e·
1350 2938 1365 2984 3

263 3077 270 3086 ,
309 3013 401 3080 ducta
410 3037 537 3079 summa
548 2942 668 3080 13311133
676 3027 753 3093 3333,
768 3037 842 3080 cum
852 3016 1059 3101 scaturigines
1069 3016 1215 3080 turbidae
1227 3016 1330 3101 primo

308 3119 459 3175 ettenues
468 3109 614 3185 emicare,
620 3109 694 3174 dein
702 3110 856 3193 liquidam
864 3111 1060 3194 multamque
1069 3110 1202 3175 fundere
1212 3131 1330 3194 aquam

308 3205 391 3268 velut
412 3204 510 3269 detlm
527 3204 611 3268 dono
630 3215 812 3290 coeperunt.
857 3205 1056 3288 aliquantum
1073 3227 1113 3269 ea
1129 3225 1258 3289 quoque
1279 3224 1365 3270 resa

308 3297 377 3363 duci
395 3298 503 3363 famae
520 3309 552 3363 et
569 3297 765 3364 auctoritatis
783 3310 862 3386 aput
877 3299 993 3364 milites
1012 3299 1136 3365 adiecit.
1163 3299 1257 3365 iussis
1275 3300 1331 3366 de-

307 3390 378 3458 inde
389 3392 546 3458 militibus
560 3393 709 3478 expedire
724 3416 822 3471 arma,
839 3394 908 3480 ipse
922 3415 996 3458 cum
1008 3393 1143 3458 tribunis
1157 3394 1330 3480 primisque

309 3487 470 3552 ordinibus
483 3487 527 3551 ad
539 3488 800 3574 contemplandos
809 3489 960 3555 transitus
971 3487 1035 3576 [est
1047 3511 1236 3576 progressus
1250 3487 1329 3576 qua]

306 3580 475 3648 descensus
488 3581 591 3647 facilis
605 3584 744 3660 armatis,
762 3606 827 3668 qua
838 3585 873 3649 in
886 3585 1068 3650 ulteriorem
1085 3585 1187 3670 ripam
1200 3584 1330 3650 minime

304 3675 404 3742 inicus
422 3697 575 3742 ascensus
588 3689 680 3743 esset.
707 3677 756 3743 his
769 3680 846 3744 satis
862 3679 1032 3764 exploratis
1050 3679 1105 3743 illa
1121 3701 1249 3763 quoque
1265 3678 1331 3764 pri-
1348 3696 1363 3742 5

304 3792 401 3848 mum,
420 3782 458 3837 ut
467 3771 579 3837 ordine
587 3793 625 3837 33
635 3773 703 3839 sine
715 3774 855 3839 tumultu
864 3773 970 3838 omnia
982 3773 1016 3838 in
1025 3774 1152 3861 agmine
1162 3773 1203 3839 ad
1216 3784 1331 3839 nutum

301 3865 536 3953 imperiumque
554 3867 644 3932 ducis
665 3868 791 3946 tierent,
816 3868 968 3955 providit:
995 3869 1052 3934 ubi
1069 3868 1218 3935 omnibus
1236 3866 1331 3930 simul
1349 3884 1363 3931 6

301 3962 562 4046 pronuntiaretur
568 3962 656 4047 quod
670 3963 760 4029 fieret
768 3985 873 4047 neque
884 3986 995 4030 omnes
1003 3964 1199 4038 exaudirent,
1209 3961 1330 4026 incerto

301 4055 437 4141 imperio
454 4067 586 4142 accepto
604 4058 693 4134 alios,
711 4058 752 4122 ab
770 4081 805 4124 33
822 4059 1005 4137 adicientes,
1023 4060 1096 4145 plus
1113 4055 1253 4139 eoquod
1269 4054 1330 4120 im·

301 4162 449 4234 peratum
463 4151 514 4229 sit,
533 4150 611 4217 alios
625 4152 729 4217 minus
748 4152 869 4231 facere3
888 4154 1042 4219 clamores
1056 4149 1171 4218 deinde
1184 4150 1328 4217 (11333333
