3359 5092
433 497 654 592 Puarocuan
671 535 875 593 umuouuu
891 536 1211 594 nxxxxvm-cu.
1268 528 1332 594 215

306 677 381 731 Iovis
391 674 580 745 inCapitolio,
597 676 671 746 quod
684 675 814 730 incendio
828 682 1022 746 consumptum
1037 694 1069 732 ae
1082 677 1218 732 refectum
1229 684 1301 747 erat,
1316 697 1334 733 a

307 745 332 810 Q
356 744 460 800 Catulo
474 745 634 800 dedicatum
647 750 698 799 est.
726 744 758 800 L.
767 744 904 799 Lucullus
917 746 947 798 in
959 746 1094 801 Arnenia
1107 746 1290 801 Mithridaten
1305 757 1334 802 et

305 814 454 947 {iffianen
469 819 498 868 et
510 813 638 884 ingentes
650 813 794 882 utriusque
804 814 880 885 regis
888 814 984 882 copias
993 813 1120 883 pluribus
1128 815 1241 883 proeliis
1250 816 1332 870 fudit.

382 882 483 937 etellus
512 881 641 937 roconsul
650 881 725 936 bello
735 883 868 937 adversus
878 880 1025 937 Cretenses
1034 882 1200 938 mandatos)
1221 884 1334 938 doniam

304 952 404 1005 urbem
418 900 536 1006 obsculit.
563 949 593 1005 C.
608 948 734 1004 Triarius
748 950 859 1022 legatus
873 950 986 1003 Luculli
1006 952 1138 1005 adversus
1151 952 1204 1006 Mit
1239 954 1334 1007 'datan

305 1038 405 1089 parum
414 1036 548 1089 prospere
556 1018 701 1089 pugnavit.
718 1018 877 1086 Lucullum,
887 1036 924 1073 ne
933 1020 1335 1089 persequereturhlithridaten

305 1106 339 1143 ao
362 1088 511 1159 Tigranen
537 1103 727 1157 summamque
752 1087 886 1141 victoriae
909 1088 1069 1156 inponeret,
1093 1089 1193 1144 seditio
1215 1090 1335 1145 militum

303 1157 409 1224 tenuit,
424 1156 491 1227 quia
499 1156 578 1225 sequi
590 1155 738 1224 nolebant,
755 1156 784 1209 id
797 1161 841 1211 est
854 1156 982 1228 legiones
995 1156 1178 1227 valerianae,
1198 1175 1270 1228 quae
1284 1160 1334 1213 im-

304 1227 383 1296 pleta
394 1242 452 1280 ase
462 1224 602 1294 stipendia
610 1224 744 1292 dieentes,
755 1224 906 1278 Lucullum
914 1225 1095 1295 reliquerunt.

675 1314 715 1353 EX
727 1313 783 1353 un.
797 1314 965 1354 maxuma

357 1378 392 1443 Q.
403 1377 536 1434 Metellus
549 1380 698 1448 proconsul
708 1378 820 1434 Cnoson
833 1385 863 1435 et
871 1378 995 1450 Lyctum
1008 1384 1038 1435 et
1052 1380 1074 1436 0
1095 1381 1207 1436 doniam
1221 1387 1251 1437 et
1264 1382 1334 1436 alias

305 1448 440 1527 plurimas
450 1448 533 1501 urbes
544 1448 721 1519 expugnavit.
744 1447 778 1501 L.
788 1447 907 1502 Roscius
920 1399 1149 1519 tribunusplebis
1159 1450 1250 1521 legem
1259 1451 1333 1518 tulit,

306 1524 337 1570 ut
346 1516 488 1586 equitrbus
496 1515 630 1569 Romanis
643 1517 673 1569 in
685 1517 796 1571 theatro
810 1518 1033 1587 quattuordecim
1046 1518 1150 1588 gradus
1159 1519 1277 1588 proximi
1286 1520 1334 1573 ad·

304 1587 494 1656 signarentur.
521 1583 572 1639 Cn.
581 1584 732 1654 Pompeius
745 1586 810 1657 lege
824 1586 861 1640 ad
874 1586 1009 1656 populum
1022 1586 1082 1640 lata
1091 1588 1223 1662 persequi
1228 1588 1335 1661 piratas

305 1653 1334 1778 trististristis.“attiliihttsihttttttttttt·

306 1790 431 1860 acceptis
448 1790 478 1843 in
496 1790 664 1845 deditionem
682 1740 780 1861 pirpatis
803 1739 890 1863 agro}
908 1797 938 1847 et
958 1791 1043 1847 urbes
1065 1792 1151 1846 dedit.
1188 1765 1335 1862 praeterea

305 1876 350 1913 res
368 1864 466 1929 gestas
485 1876 503 1913 a
517 1859 549 1922 Q.
564 1859 678 1914 Metello
696 1860 829 1915 adversus
846 1859 993 1915 Cretenses
1012 1860 1137 1914 eontinet
1154 1866 1216 1915 etc
1238 1860 1335 1914 istolas

306 1928 415 1982 Metelli
430 1934 459 1981 et
472 1926 522 1982 Cn.
532 1928 659 1997 Pompeii
671 1929 701 1981 in
712 1927 801 1983 vicem
815 1928 923 1983 missas.
951 1928 1075 1999 queritur
1085 1928 1118 1993 Q.
1129 1879 1260 1983 Meteliirs
1273 1929 1335 1999 glo-

306 1997 376 2049 riam
390 1996 446 2049 sibi
458 2013 550 2050 rerum
564 2012 582 2049 a
595 2013 625 2050 se
639 2003 781 2068 gestarum
795 1996 956 2067 aPompeio
970 1997 1107 2066 praeripi,
1123 1997 1170 2067 qui
1184 1998 1213 2051 in
1222 1997 1336 2052 Cretam

307 2065 414 2119 miserit
424 2064 550 2135 legatum
559 2082 639 2118 suum
649 2065 685 2118 ad
695 2065 873 2135 accipiendas
882 2065 993 2120 urbium
1002 2066 1165 2121 deditiones.
1184 2066 1335 2137 Pompeius

305 2135 445 2188 rationem
452 2134 546 2188 reddit
553 2133 607 2188 hoc
617 2150 646 2188 se
656 2133 751 2189 iacere
760 2133 899 2190 debuisse.

748 2221 788 2263 Ex
800 2222 857 2263 LIB.
872 2221 903 2263 G.

356 2287 491 2367 Manilius
513 2287 641 2368 tribunus
681 2286 764 2368 labis·
779 2304 884 2370 magna
905 2287 1099 2359 indignatione
1121 2288 1277 2343 nobilitatis
1293 2289 1334 2369 le-

306 2355 1335 2505 attriti?hidati1...thltdttttlthtttlttttatat

306 2495 415 2574 insulae
428 2494 507 2565 leges
521 2494 607 2548 dedit.
635 2492 685 2548 Cn.
699 2493 850 2563 Pompeius
866 2494 903 2547 ad
916 2494 1069 2565 gerendum
1082 2494 1187 2549 bellum
1202 2494 1334 2574 adversus

306 2563 491 2618 Mithridaten
507 2561 649 2631 profectus
667 2579 731 2616 cum
747 2578 778 2616 re
799 2578 815 2617 a
833 2561 1001 2616 Parthorum
1017 2562 1161 2617 Phrahate
1183 2562 1335 2616 amrortiam

306 2632 460 2688 renovarit.
492 2631 614 2701 equestri
630 2630 737 2700 proelio
796 2630 938 2685 thridaten
955 2630 1030 2685 vicit.
1063 2636 1211 2701 praeterea
1228 2630 1336 2684 bellum

306 2702 379 2756 inter
394 2700 557 2754 Phrahaten
570 2717 600 2754 re
622 2717 666 2754 em
683 2698 851 2756 Parthorum
869 2705 898 2754 et
915 2699 1061 2770 Tigranen
1074 2700 1282 2769 Armeniorum,
1302 2714 1336 2753 ae

305 2770 411 2825 deinde
420 2769 494 2823 inter
502 2766 592 2822 filium
600 2717 744 2840 Tigranen
752 2773 917 2839 patremque
927 2775 1037 2840 gestum
1047 2769 1178 2824 continet.

739 2856 781 2898 ΒΧ
795 2857 854 2897 LIB.
869 2856 906 2899 cl.

357 2922 411 2979 Cn.
425 2922 577 2993 Pompeius
589 2921 772 2978 Mithridaten
791 2927 927 2977 nocturno
940 2923 1049 2994 proelio
1057 2924 1161 2979 victum
1173 2940 1222 2979 coe
1246 2922 1267 2978 't
1279 2923 1335 2978 Bo·

305 3010 420 3047 sorum
454 2992 591 3072 refugere.
618 2990 1216 3064 Tigranenindeditionemaocepiteiquea
1236 2993 1335 3062 emptis

326 3010 565 3134 ym,-Mhoen1ce
597 3058 697 3115 Cilicia
713 3076 744 3115 re
784 3077 831 3113 um
848 3061 998 3116 Armeniae
1015 3061 1146 3115 restituit.
1180 3061 1335 3114 coniuratio

305 3148 403 3254 eoterurrfrir
416 3129 509 3251 quigss
520 3101 656 3251 peffliff
670 3145 757 3252 emisa
769 3134 831 3183 atus
846 3129 967 3252 antrbigrs
981 3128 1106 3251 ᾱΡιιιιιιιιιι
1120 3134 1201 3184 erant
1214 3128 1336 3251 fffildie

304 3217 336 3255 m
403 3215 465 3253 cren
522 3214 589 3251 cons
649 3214 712 3251 uso
752 3214 830 3253 ressa
844 3214 895 3252 es.
945 3216 973 3251 n.
1013 3214 1057 3251 om
1079 3213 1138 3251 erus
1152 3213 1214 3250 cum
1325 3226 1335 3236 -

304 3267 395 3322 datan
429 3271 634 3336 essequeretur,
649 3265 678 3319 in
690 3214 802 3320 ultimas
815 3265 929 3337 ignotas
948 3283 984 3321 ue
997 3215 1096 3337 geniis
1125 3264 1269 3333 enetrarit,
1284 3264 1335 3318 Hi·

304 3336 390 3392 beros
438 3336 526 3389 banos
546 3350 594 3403 ue,
628 3334 658 3387 ui
671 3334 819 3388 transitum
831 3282 1017 3401 nondalsant,
1032 3282 1139 3403 proelio
1152 3332 1226 3387 vicit.
1254 3350 1335 3404 prae·

305 3412 387 3460 terea
399 3404 499 3476 fugam
543 3351 681 3483 ithrigatis
694 3420 746 3474 per
754 3400 874 3458 Colchos
887 3402 1103 3474 Heniochosque
1118 3407 1147 3459 et
1158 3419 1203 3457 res
1217 3402 1253 3457 ab
1263 3417 1297 3457 eo
1306 3401 1336 3455 in

304 3473 434 3545 Bosporo
443 3478 538 3544 gestas
547 3476 678 3527 contmet.

735 3561 775 3602 EX
787 3561 844 3602 ma.
859 3559 905 3601 cn.

357 3627 411 3684 Cn.
429 3626 501 3682 Pom
522 3627 581 3682 eius
598 3626 804 3709 improvinciae
820 3627 937 3681 formam
955 3626 1078 3681 Pontum
1094 3625 1212 3697 redegit.
1247 3626 1336 3681 Phar-

305 3713 396 3753 naces
408 3695 484 3750 filius
493 3646 663 3776 Mithridatis
676 3696 781 3751 bellum
793 3696 869 3766 patri
882 3696 984 3749 intulit.
1012 3696 1048 3749 ab
1053 3710 1092 3775 ‘eo
1101 3694 1277 3750 Mithridates
1287 3696 1335 3749 ob-

306 3783 402 3822 sessus
411 3766 530 3836 integra
539 3781 603 3819 cum
611 3782 717 3820 veneno
728 3770 837 3835 sumpto
847 3782 946 3835 parum
955 3763 1119 3834 profeersset
1129 3764 1165 3819 ad
1174 3770 1303 3832 mortem,
1318 3781 1336 3818 a

305 3834 398 3889 milite
407 3832 494 3889 Gallo
506 3833 618 3889 nomine
626 3833 726 3889 Bitoco
750 3852 768 3889 a
777 3850 831 3904 quo
841 3840 874 3887 ut
882 3833 1029 3887 adiuvaret
1037 3849 1066 3888 se
1074 3832 1208 3902 petierat,
1222 3830 1335 3886 interfe-

304 3911 371 3957 ctus
385 3907 439 3957 est.
465 3901 516 3957 On.
525 3901 677 3972 Pompeius
685 3875 805 3958 Iudaeos
818 3903 945 3974 subegit,
957 3901 1054 3956 tanum
1063 3918 1159 3957 eorum
1168 3901 1196 3954 in
1205 3900 1335 3978 Hieroso-

306 3972 395 4043 lyma,
405 3970 571 4025 inviolatum
584 3971 621 4026 ad
633 3972 663 4026 id
671 3977 793 4042 tempus,
807 3970 890 4040 cepit.
914 3971 949 4025 L.
959 3970 1095 4038 Catilina,
1106 3968 1149 4023 bis
1158 3968 1298 4038 repulsam
1306 3984 1336 4019 m

305 4039 926 4111 petitioneeonsulatuspassus,oumLentulo
955 4037 1335 4115 raetoreetCethegoetcon·

305 4107 438 4180 pluribus
456 4107 520 4162 aliis
537 4108 693 4163 coniuravit
705 4109 740 4163 de
755 4109 841 4163 caede
856 4125 923 4162 cons
953 4126 1000 4162 um
1013 4113 1043 4163 et
1056 4112 1180 4171 senatus,
1199 4102 1336 4182 incendus

305 4177 387 4232 urbis
406 4182 437 4231 et
454 4176 638 4246 obprimenda
649 4194 680 4233 re
714 4176 808 4231 ublica
841 4176 964 4232 exercitu
978 4193 1087 4247 quoque
1102 4175 1131 4228 in
1143 4174 1256 4226 Etruna
1269 4186 1335 4250 con-

329 4250 419 4300 arato.
447 4262 484 4301 ea
497 4246 650 4300 coniuratio
663 4195 801 4300 ingustria
809 4218 847 4299 M.
858 4246 935 4299 Tulli
944 4245 1084 4301 Ciceronis
1094 4248 1173 4297 cruta
1182 4243 1232 4293 est.
1260 4237 1335 4293 Gatr-

306 4262 448 4371 Maurus
456 4314 540 4386 pulso
548 4313 705 4386 dereliquis
714 4314 865 4370 coniuratis
874 4314 1040 4385 supplicium
1049 4317 1188 4381 sumptum
1197 4314 1248 4363 est.
