3359 5092
475 511 593 570 amna
608 511 765 584 xxxxv,
783 511 884 568 raas.
904 510 1058 582 [acuar]
1220 497 1284 567 ru

267 674 385 740 rdmota
412 694 471 738 rex
491 671 545 738 ille
570 692 685 758 regum
707 668 824 757 [petiit
868 669 943 735 inde
966 665 1128 757 Oropum]
1153 671 1282 737 Atticae
1301 694 1334 742 10

267 779 387 835 tentum
403 777 462 844 est,
480 766 538 831 ubi
550 787 609 851 pro
622 765 683 832 deo
696 776 786 831 vates
800 763 925 830 anticus
939 764 1053 829 colitur
1065 766 1283 851 templumque

267 873 417 929 retnstum
435 872 493 938 est,
509 860 653 926 fontibus
670 858 811 943 rivisque
829 858 914 924 circa
931 880 1116 938 amoenum3
1134 861 1281 926 Athenas
1301 882 1331 930 11

267 957 326 1023 nde
349 957 461 1043 plenas
483 954 613 1039 quidem
634 966 667 1020 et
688 954 775 1039 ipsas
796 963 943 1020 vetustae
964 952 1084 1033 famae,
1111 956 1213 1021 multa
1234 966 1282 1021 ta·

267 1073 326 1117 nen
345 1050 479 1116 visenda
495 1048 657 1127 habentis,
684 1071 805 1125 arcem,
831 1058 959 1135 portus,
985 1070 1094 1114 muros
1110 1048 1283 1115 Piraeeum

267 1144 325 1210 rrbi
341 1144 518 1230 iungentia,
540 1143 668 1208 navalia
683 1164 874 1229 magnorum
891 1142 1134 1229 imperatorum,
1153 1143 1282 1209 simula-

267 1239 465 1304 acdeorum
490 1237 733 1321 hominumque,
761 1236 849 1301 omni
874 1259 992 1323 genere
1019 1248 1051 1304 et
1076 1238 1228 1304 materiae
1250 1250 1283 1304 et

267 1333 371 1398 artium
387 1332 536 1418 insignia.

320 1426 491 1492 XXVHI.
520 1424 684 1493 Sacrificio
700 1425 870 1491 Minervae
891 1425 1031 1511 praesidi
1047 1425 1129 1491 arcis
1151 1426 1185 1491 in
1202 1426 1282 1493 urbe
1302 1449 1315 1497 1

267 1521 339 1586 iacto
355 1520 530 1606 profectus,
549 1517 740 1587 Corinthum
758 1520 858 1586 altero
872 1519 925 1586 die
942 1521 1096 1608 pervenit.
1122 1522 1200 1587 urbs
1214 1534 1283 1588 erat
1301 1546 1316 1592 2

267 1627 330 1680 tunc
354 1615 519 1701 praeclara
546 1626 619 1681 ante
645 1614 820 1692 excidium,
848 1637 906 1679 arx
931 1635 1061 1699 quoque
1087 1626 1119 1683 et
1140 1616 1281 1682 Isthmus

267 1709 430 1796 praebuere
457 1710 689 1796 spectaculum:
717 1732 775 1775 arx
799 1709 883 1776 inter
908 1710 1035 1776 moenia
1055 1710 1091 1775 in
1110 1710 1282 1776 immanem

267 1803 452 1869 altitudinem
475 1801 574 1882 edita,
602 1815 726 1869 scatens
748 1803 904 1881 fontibus,
930 1804 1072 1871 Isthmus
1095 1805 1159 1870 duo
1181 1806 1315 1874 mariae

267 1893 327 1985 [ab]
345 1920 461 1964 occasu
480 1909 512 1964 et
527 1909 599 1963 ortu
617 1899 692 1963 solis
709 1898 844 1963 finitima
861 1897 937 1964 artis
954 1898 1102 1964 faucibus
1121 1899 1280 1965 dirimens.

267 1989 426 2079 Sicyonem
448 1993 523 2059 inde
546 2005 578 2059 et
598 1994 707 2079 Argos
729 1992 853 2058 nobiles
876 1993 973 2059 urbes
995 1994 1077 2072 adit,
1103 1994 1177 2060 inde
1203 1994 1283 2060 haut

267 2107 363 2173 parem
381 2088 496 2174 opibus
514 2088 726 2174 Epidaurum,
744 2087 801 2153 sed
817 2088 972 2153 inclutam
988 2088 1165 2175 Aesculapi
1182 2089 1281 2155 nobili

267 2184 386 2268 temple,
410 2184 498 2267 quod
519 2183 660 2268 quinque
678 2182 807 2247 milibus
829 2204 985 2268 passuum
1002 2184 1044 2248 ab
1062 2184 1141 2250 urbe
1160 2184 1281 2249 distans

267 2297 337 2342 runc
353 2277 497 2363 vestigiis
515 2277 712 2343 revolsorum
726 2276 892 2355 donorum,
909 2287 979 2342 tum
992 2276 1083 2343 donis
1098 2278 1188 2343 dives
1202 2289 1280 2356 erat,

267 2387 335 2456 {uae
360 2372 575 2438 remediorum
601 2371 788 2437 salutarium
814 2372 904 2457 aegri
928 2372 1109 2438 mercedem
1135 2395 1281 2438 sacrave·

267 2477 327 2530 rant
343 2466 413 2531 deo.
441 2467 517 2532 inde
531 2465 810 2531 Lacedaemonem
827 2466 904 2543 adit,
922 2489 988 2531 non
1005 2489 1139 2553 operum
1155 2466 1313 2554 magni-4

267 2557 392 2636 icentia,
420 2560 478 2626 sed
495 2560 662 2646 disciplina
678 2559 896 2647 institutisque
912 2560 1166 2639 memorabilem,
1193 2560 1280 2627 unde

267 2673 313 2738 per
330 2654 564 2741 Megalopolim
586 2651 773 2740 Olympiam
795 2655 946 2721 escendit.
989 2655 1047 2720 ubi
1068 2667 1101 2721 et
1123 2656 1186 2721 aha
1208 2656 1280 2741 qui·

267 2745 328 2813 dem
342 2750 518 2835 spectanda
535 2749 565 2814 ei
587 2749 670 2827 visa,
689 2746 753 2836 [et]
771 2748 883 2815 Iovem
905 2750 992 2815 velut
1013 2762 1214 2836 praesentem
1230 2750 1279 2815 in·

267 2851 344 2908 tuens
365 2853 472 2909 motus
495 2844 602 2908 animo
623 2854 681 2910 est
728 2844 836 2928 itaque
858 2843 946 2910 haud
967 2867 1059 2910 secus
1077 2867 1174 2929 quam
1197 2845 1225 2911 si
1246 2846 1280 2910 in
1335 2899 1338 2904 .

267 2931 413 3022 Capitolio
440 2937 661 3003 immolaturus
685 2949 783 3015 esset,
810 2939 1003 3004 sacrificium
1028 2940 1165 3025 amphus
1188 2939 1279 3006 solito

267 3030 400 3116 apparari
420 3030 523 3096 iussit.
566 3032 612 3097 ita
632 3043 804 3117 peragrata
826 3031 979 3111 Graecia,
1004 3044 1042 3098 ut
1068 3033 1146 3098 nihil
1169 3054 1313 3102 eorums

267 3143 335 3206 quae
351 3125 489 3209 quisque
506 3125 618 3191 Persei
639 3126 723 3191 bello
740 3127 889 3212 privatim
907 3137 964 3193 aut
984 3127 1113 3213 pubhce
1131 3128 1281 3193 sensisset

267 3215 440 3301 inquireret,
465 3241 507 3284 ne
533 3220 623 3284 errius
649 3230 738 3285 metu
761 3221 946 3286 sollicitaret
967 3221 1090 3286 animos
1111 3220 1279 3297 sociorum,

267 3307 495 3379 Demetriadem
522 3335 597 3379 cum
621 3314 765 3392 revertit,
795 3314 830 3380 in
860 3315 972 3380 itinere
999 3314 1161 3380 sordidata
1186 3315 1280 3380 turba

267 3403 442 3472 Aetolorum
470 3408 621 3486 occurrit3
651 3408 843 3492 mirantique
874 3419 907 3474 et
935 3409 1169 3494 percunctanti,
1200 3408 1312 3494 quide

267 3512 347 3578 esset,
365 3501 518 3579 defertur,
537 3503 728 3589 quingentos
742 3503 975 3589 quinquaginta
986 3503 1146 3590 principes
1159 3504 1201 3568 ab
1210 3504 1279 3590 Ly·

267 3592 337 3661 cisco
354 3607 387 3661 et
403 3595 537 3682 Tisippo
555 3598 763 3663 circumsesso
781 3607 894 3663 senatu
911 3620 969 3684 per
985 3597 1101 3663 milites
1114 3598 1278 3663 Romanos

267 3687 365 3756 missos
384 3691 426 3757 ab
434 3691 478 3756 A.
488 3692 611 3757 Baebio
627 3689 816 3779 [praefecto]
830 3692 972 3778 praesidi
987 3692 1181 3771 interfectos,
1199 3693 1278 3759 alios

267 3781 434 3852 herilium
451 3797 538 3852 actos
553 3809 623 3854 esse
640 3787 789 3871 bonaque
802 3787 979 3871 eorumqui
995 3787 1155 3854 interfecti
1173 3798 1279 3853 essent

267 3881 433 3946 ttexulum
455 3881 620 3967 possideri.
663 3881 757 3946 iussis
780 3880 835 3965 qui
858 3881 1075 3967 arguebantur
1090 3882 1311 3968 Amphipolis

267 3973 364 4042 alasse
381 3975 450 4061 ipse
468 3988 625 4042 convento
644 3972 704 4041 On.
720 3974 859 4041 Octavio
873 3975 1090 4055 Demetriade,
1107 3988 1277 4063 postquam

267 4065 338 4135 lama
356 4069 480 4148 accidit,
497 4070 658 4136 traiecisse
675 4071 740 4136 iam
753 4092 841 4135 mare
855 4070 966 4137 decem
982 4071 1115 4158 legatos,
1129 4069 1276 4134 omnibus

267 4162 322 4228 liis
338 4164 462 4229 omissis
471 4164 678 4251 Apolloniam
695 4164 737 4230 ad
754 4187 808 4231 eos
825 4165 940 4251 pergit.
967 4188 1030 4250 quo
1049 4188 1122 4231 oum
1135 4163 1274 4229 Perseus
1293 4178 1309 4228 e

267 4256 381 4323 »bviam
398 4259 588 4347 Amphipoli
611 4259 706 4325 nimis
728 4259 839 4325 solutis
861 4260 995 4326 vinculis
1017 4259 1180 4327 custodiae
1202 4279 1276 4345 pro-

304 4358 450 4403 natatu.
1078 4359 1112 4414 12
