3359 5092
351 489 413 610 i96
587 551 705 610 umus
721 552 878 623 xxxxv,
896 554 939 609 44.
960 552 1144 625 [suctu]
1176 624 1178 628 ,

348 714 472 780 Romae
498 733 557 779 seu
573 711 747 778 Praeneste
773 710 938 776 immolare
961 711 1071 789 vellet,
1098 711 1168 798 regi
1189 735 1231 779 ex
1253 715 1383 799 publico

299 832 330 881 ιο
349 809 433 874 sicut
444 805 683 896 magistratibus
692 804 847 871 Romanis
859 804 1099 890 praeberentur,
1117 818 1149 873 et
1163 818 1200 872 ut
1212 830 1257 874 ex
1272 810 1381 888 classe,

259 913 262 917 '
349 924 433 987 quas
450 899 604 967 Brundisi
620 911 719 977 esset,
741 920 840 965 naves
857 900 974 986 longae
990 898 1105 986 viginti
1123 901 1379 988 tdsignurenmr,

350 997 466 1081 quibus
489 1007 642 1062 uteretur.
686 992 788 1060 donec
811 992 854 1059 ad
875 994 1010 1059 classem
1032 994 1117 1060 dono
1138 995 1251 1062 dutum
1274 997 1304 1063 ei
1325 1022 1377 1063 rex

300 1116 330 1164 17
350 1088 562 1177 pervenisset,
588 1089 630 1154 L.
650 1085 820 1156 Cornelius
844 1086 954 1173 Scipio
981 1111 1022 1154 ne
1048 1088 1090 1154 sb
1116 1112 1156 1156 eo
1182 1092 1374 1169 abscederet,

349 1195 576 1271 sumptumque
596 1183 660 1269 ipsi
681 1192 714 1249 et
736 1182 904 1249 comitibus
926 1182 1108 1268 praeberet,
1135 1184 1239 1251 donec
1264 1209 1372 1252 navem

298 1304 330 1353 18
351 1279 597 1347 conscendisset.
641 1278 720 1344 mire
741 1278 862 1344 loetum
880 1287 986 1343 cetera
1003 1277 1200 1365 benignitate
1218 1280 1252 1346 in
1270 1303 1371 1368 sepo

348 1375 417 1461 puli
433 1374 573 1441 Romani
594 1395 705 1459 regem
727 1373 828 1439 fuisse
850 1372 972 1439 fenmt:
997 1396 1132 1440 munere
1154 1375 1217 1440 sibi
1236 1376 1300 1463 ipsi
1315 1377 1371 1443 emi

346 1492 412 1535 non
429 1469 518 1547 sisse,
535 1468 637 1534 filium
654 1468 784 1534 iussisse
802 1468 923 1534 donum
940 1468 1052 1555 populi
1064 1469 1204 1536 Romani
1222 1472 1367 1558 accipere.
1386 1501 1398 1540 s

299 1587 329 1635 19
348 1564 428 1630 boec
450 1565 491 1631 de
507 1562 624 1629 Prusia
645 1563 746 1628 nostri
768 1562 948 1649 scriptores.
991 1562 1149 1650 Polybius
1171 1588 1247 1631 eum
1267 1589 1367 1653 regen

348 1658 517 1745 indignum
534 1657 700 1723 maiestate
712 1656 851 1722 nominis
868 1657 949 1723 tanti
965 1657 1063 1723 tradit
1079 1658 1256 1744 pilleatum,
1275 1662 1366 1747 capite

347 1774 435 1830 raso,
453 1752 583 1818 obviam
602 1748 678 1839 [me]
696 1752 811 1839 legatis
834 1751 964 1817 solitum
981 1751 1195 1838 libertumque
1214 1778 1250 1821 se
1266 1755 1364 1843 populi

297 1869 330 1918 20
347 1847 486 1914 Romani
502 1845 605 1913 ferro:
628 1846 702 1912 ideo
718 1846 859 1933 insignia
876 1846 995 1912 ordinis
1012 1847 1080 1914 eius
1103 1870 1216 1935 gerere
1221 1874 1231 1928 3
1253 1850 1366 1915 Romae

348 1963 490 2025 quoque,
509 1962 583 2007 oum
601 1940 723 2007 veniret
739 1940 773 2007 in
790 1941 928 2019 curiam,
951 1941 1148 2009 summisisse
1166 1967 1201 2010 se
1220 1956 1252 2010 et
1269 1946 1366 2011 osculo

346 2034 445 2101 limen
466 2034 573 2100 curiae
596 2034 768 2121 contigisse
785 2046 817 2102 et
839 2035 918 2101 deos
940 2046 1118 2103 servatores
1136 2059 1213 2103 suos
1232 2052 1366 2108 senatun

347 2130 525 2215 appellasse
547 2129 706 2213 aliumque
722 2129 900 2195 orationem
920 2152 986 2196 non
1004 2141 1070 2196 tum
1092 2131 1303 2201 honorificum
1319 2158 1367 2200 cu-

296 2246 327 2293 21
347 2223 508 2290 dientibus
530 2245 629 2308 quam
646 2224 707 2289 sibi
724 2223 903 2291 deformem
924 2224 1085 2293 habuisse.
1130 2241 1275 2295 moratus
1294 2232 1368 2297 circu

347 2319 460 2386 urbem
472 2319 604 2407 triginta
615 2319 696 2386 haut
708 2319 845 2406 emplius
859 2319 927 2386 dies
941 2320 976 2386 in
987 2343 1125 2409 regnum
1138 2333 1189 2390 est
1203 2326 1367 2411 profectus

348 2426 518 2499 actumque
536 2414 569 2479 in
587 2415 670 2481 Asia
687 2414 807 2480 bellum
828 2413 850 2500 [.
861 2461 870 2479 .
882 2411 907 2500 .]
