3359 5092
526 998 847 1067 ADNOTATIO
872 999 1109 1068 ORITIOA.

412 1258 549 1296 unarmus
566 1258 654 1293 arare
824 1240 915 1295 dicem
928 1240 1098 1295 uberrimum
1111 1258 1304 1311 personarum,
1324 1260 1367 1299 re·

391 1362 533 1399 mmo
550 1360 636 1396 m
654 1361 676 1396 s·
822 1309 1034 1433 aaran
1042 1309 1367 1450 mannen:

293 1448 404 1519 Accipe
417 1448 475 1502 iam
488 1463 575 1515 nunc,
589 1445 628 1499 mi
641 1443 732 1499 Haasi
759 1462 805 1501 ex·
822 1445 927 1500 riorum
948 1446 978 1501 in
1000 1447 1101 1501 illustri
1124 1448 1221 1502 schola
1237 1420 1368 1504 P’ortsnn

260 1527 380 1575 tremum
388 1485 805 1595 hocstudiorumameinl'rivio
823 1515 951 1570 ordinum
969 1523 1164 1587 praeceptore,
1187 1533 1249 1573 meo
1267 1522 1369 1589 rogatu

264 1587 463 1641 collocatorum
484 1584 627 1652 volumen,
651 1588 680 1638 et
704 1588 806 1639 veteris
824 1584 991 1640 confectum.

264 1655 404 1710 amicitiae
422 1660 453 1710 et
468 1651 610 1722 noviciae,
624 1657 656 1707 ut
673 1653 759 1707 verbo
778 1657 807 1707 et
858 1652 1116 1735 Quodadpriorem
1124 1654 1198 1709 hanc
1206 1660 1317 1736 partem
1326 1660 1367 1709 at·

260 1725 332 1795 ipso,
338 1724 426 1778 sisire
432 1721 566 1778 adtesive
570 1720 736 1791 pertelicet,
743 1726 807 1775 utar
822 1722 903 1803 tinet,
918 1723 1161 1792 nontrbitantum,
1176 1741 1215 1777 mr
1224 1723 1323 1792 Haasi,
1340 1729 1369 1779 et

260 1792 457 1861 novicio,colle
480 1790 805 1845 'alitatisdocumentum
824 1791 995 1846 doctioribus
1013 1798 1111 1845 notum
1125 1797 1181 1860 est,
1200 1797 1259 1846 tam
1277 1790 1366 1861 firma,

261 1861 346 1926 Quod
368 1867 436 1915 ante
478 1876 510 1913 os
532 1864 590 1915 tres
607 1859 667 1915 fers
685 1876 805 1928 menses,
824 1860 1232 1929 quamindeaDrakenborehii
1241 1866 1298 1915 tem
1320 1877 1367 1916 ore

259 1948 327 1985 eum
335 1947 361 1984 a.
372 1930 398 1984 d.
408 1928 498 1985 VIid.
508 1928 600 1983 Maias
610 1928 706 1998 amici,
722 1928 806 1983 colle·
823 1928 853 1982 in
863 1929 978 1999 reliquis
988 1930 1142 1985 decadibus
1151 1930 1228 1985 iacta
1237 1879 1366 1985 esseqae-

259 2016 330 2079 gae,
349 1998 554 2120 disqipugiisuqlq
567 2015 631 2119 iclqiqr
643 1996 807 2119 suavissilrlna
822 2003 961 2122 tamufpuqtl
970 1998 1142 2123 recentqioqus
1154 2003 1184 2053 et
1196 1998 1367 2121 qprxeqffldatio-

259 2085 345 2122 eomu
367 2084 382 2122 e
408 2084 423 2122 e
445 2084 454 2119 ι
636 2084 685 2121 sex
716 2083 752 2121 ue
775 2083 805 2119 ιι-
822 2085 867 2120 ms
962 2085 1043 2123 amen
1134 2084 1181 2121 ros
1333 2097 1367 2107 -

258 2137 295 2190 lis
306 2086 366 2189 rui}
371 2141 400 2191 et
412 2082 588 2215 {istrienses
600 2134 653 2189 tibi
661 2084 805 2207 etgratias
822 2136 966 2192 XXXXV
975 2137 1221 2217 hucusquenactcs
1230 2151 1287 2189 non
1297 2152 1367 2191 esse.

259 2204 805 2353 {issndiiehhffiqhssffiiyssihii}
823 2204 1368 2353 hithmahmahti

260 2340 525 2396 amrcrnaevefideh
534 2341 806 2396 constantianostrbr
823 2342 889 2396 hbri
903 2343 1082 2398 continentur
1095 2359 1185 2412 eoque
1202 2359 1259 2398 non
1273 2360 1303 2395 1n
1318 2342 1367 2396 ab·

260 2410 553 2466 devinxeras-diem
564 2410 668 2465 festum
680 2410 805 2465 celebra·
823 2411 883 2464 dito
901 2417 931 2466 et
951 2412 1062 2466 recluso
1080 2412 1118 2465 ali
1138 2427 1174 2465 ιιο
1196 2427 1308 2465 secessu
1326 2410 1366 2464 la·

260 2496 366 2547 remus,
376 2495 431 2549 quo
440 2485 505 2534 ante
513 2479 564 2533 hos
572 2478 673 2549 viginti
683 2479 805 2549 quinque
822 2484 913 2548 tente,
928 2480 991 2548 sed,
1007 2479 1073 2533 dum
1087 2480 1116 2533 in
1149 2478 1367 2533 ibliotheeaPa·

267 2546 520 2601 annossummosin
552 2547 804 2618 hilosophiahono·
822 2547 913 2602 latina
934 2547 1147 2603 vindobonensi
1172 2553 1309 2614 moratur,
1337 2546 1367 2600 in

265 2632 314 2670 res
342 2615 504 2669 universitas
547 2616 717 2670 ridericiana
742 2615 804 2683 tibi,
822 2616 915 2671 lucem
931 2621 1074 2697 protracto
1089 2621 1119 2671 et
1134 2616 1180 2670 vel
1197 2615 1227 2669 in
1241 2614 1366 2669 indocto·

265 2682 420 2739 candidato
441 2683 483 2738 his
503 2684 655 2739 honoribus
677 2702 745 2740 sane
764 2684 804 2738 di·
821 2702 884 2739 rum
908 2684 1116 2755 ‘usitatorum’
1137 2690 1170 2739 ut
1190 2683 1367 2756 Augustinus

260 2752 408 2825 guissimo,
417 2751 550 2833 tirociniis
560 2758 589 2808 et
596 2753 767 2833 philologico
775 2759 806 2834 et
823 2754 872 2835 ait,
882 2754 1011 2834 notitiam
1019 2755 1142 2877 perlato.
1177 2753 1276 2824 Neque
1286 2752 1367 2809 anxie

260 2822 394 2893 paedago
425 2838 457 2876 eo
475 2822 524 2876 dm
541 2827 680 2891 superans
697 2822 804 2891 tnburt,
823 2823 1020 2879 etmvrdiosee
1032 2822 1367 2878 arissimaehuiusbrbbo-

260 2908 325 2946 mea
344 2906 389 2944 mo
411 2907 531 2946 omanu
549 2891 683 2961 seriptum
705 2890 805 2947 offerre
822 2893 924 2948 thecae
934 2893 1056 2960 κειμήλια
1069 2892 1213 2947 hominum
1222 2892 1366 2947 doctorum

259 2960 314 3014 tibi
327 2959 417 3029 potui,
432 2959 462 3013 id
473 2960 531 3013 iam
544 2977 619 3015 nunc
629 2976 662 3015 eo
676 2977 805 3032 progres-
822 2961 887 3015 usui
909 2962 1112 3016 subtrahuntur
1129 2966 1159 3015 et
1181 2960 1365 3040 denegantur,

261 3046 323 3081 sum
333 3033 383 3097 est,
398 3033 431 3081 ut
438 3033 527 3096 textu,
538 3044 622 3097 quem
629 3034 741 3097 vocant,
756 3028 805 3083 ab·
823 3030 886 3099 sed,
906 3030 1015 3086 etiamsi
1027 3030 1104 3084 foras
1118 3030 1185 3084 dare
1200 3046 1235 3084 ea
1247 3029 1299 3083 vrri
1316 3029 1367 3082 hu·

261 3097 354 3151 soluto
380 3097 417 3151 ad
444 3097 655 3152 adnotationem
680 3098 806 3152 criticam
823 3099 989 3168 inanissimi,
1013 3099 1060 3168 qui
1078 3098 1267 3152 bibliothecae
1304 3113 1366 3151 rae·

261 3165 337 3236 typis
350 3165 559 3235 exprimendam
576 3183 638 3221 sese
656 3166 807 3238 accingant
824 3174 902 3237 sunt,
920 3172 1058 3234 vetantur,
1077 3166 1107 3219 in
1120 3165 1183 3236 ipsa
1195 3164 1283 3219 biblio
1316 3180 1368 3219 eca

263 3250 374 3302 operae.
397 3233 450 3289 Cui
460 3234 805 3305 adnotationipaucatan·
823 3236 1018 3292 liberalissime
1032 3251 1096 3289 cum
1108 3233 1265 3304 hospitibus
1275 3231 1367 3287 erudi-

262 3309 322 3355 tum
338 3302 498 3372 praefanda
515 3308 593 3373 sunt,
613 3320 702 3374 eaque
720 3304 806 3358 maxi-
823 3305 861 3359 tis
879 3322 914 3360 ea
931 3302 1149 3372 communicant,
1171 3307 1204 3357 ut
1225 3301 1271 3357 vel
1292 3300 1368 3356 ultra

262 3388 337 3424 mam
360 3378 472 3441 partem
499 3388 533 3427 ex
557 3372 699 3443 prooemio
721 3372 807 3427 indici
823 3379 935 3443 tempus
961 3373 1072 3444 legibus
1097 3376 1233 3426 statutum
1259 3386 1366 3425 summo

263 3439 421 3494 scholarum
429 3439 748 3497 inuniversitatenostra
755 3459 807 3512 per
824 3459 888 3498 cum
898 3441 954 3498 otio
963 3442 1007 3495 his
1017 3441 1155 3496 thesauris
1163 3440 1219 3495 frui
1228 3439 1323 3508 liceat,
1337 3438 1367 3493 id

263 3509 337 3562 hanc
350 3513 488 3588 aestatem
501 3510 661 3565 habitarum
673 3511 806 3592 praemis·
825 3511 900 3582 quod
909 3510 995 3565 mihii
1016 3511 1040 3564 si
1048 3508 1218 3564 Miklosiehii
1232 3507 1367 3578 imprimis

262 3576 553 3716 ffifflefffenafi
572 3580 807 3703 uodbmuqipsqqs
825 3585 854 3635 et
871 3580 962 3718 Birlq'ii
982 3529 1153 3701 liberalitate
1171 3578 1368 3701 2¹3¹&ssfoss

468 3596 681 3703 ‚xxixna
720 3679 756 3689 —
824 3666 930 3704 sumes
966 3666 1028 3703 cum
1062 3665 1093 3703 er
1132 3664 1161 3702 es

259 3732 313 3787 pro
336 3715 549 3785 osui,repetita
824 3665 1301 3773 bibliothecangesareaecodices
1316 3712 1368 3768 ali-

321 3783 438 3838 onstati
462 3785 806 3842 'turextrsmumhocsdi
844 3791 893 3843 not
922 3786 1112 3858 perquirerem
1139 3790 1271 3840 autumno
1298 3781 1368 3837 anni

260 3852 434 3908 tionismeae
472 3854 807 3926 'vianaevolumenparti
825 3803 1368 3926 iffihcuiustemporisrecordatiomihi

260 3922 441 3978 busduabus.
459 3922 662 4005 Harumprior,
669 3941 741 3994 quae
750 3925 807 3979 iam
824 3941 934 3995 semper
943 3923 1211 3979 eritiueundissima
1233 3918 1369 3975 Oedicsm

259 4008 339 4047 nunc
347 3991 424 4046 foras
434 3992 577 4062 emittitur,
587 3998 713 4049 continet
720 3993 807 4048 libros
824 4009 890 4049 vero
899 3993 987 4061 illum,
1002 3998 1079 4047 sexto
1089 3997 1120 4046 ut
1132 3986 1366 4067 videtursaeeulo

261 4059 380 4115 decadis
394 4059 509 4130 quintae
523 4062 687 4133 superstites
700 4063 807 4133 priores
824 4063 967 4132 scriptum,
977 4061 1044 4116 olim
1053 4057 1188 4116 ‘Sutberti
1197 4055 1368 4135 episcopi-de

260 4130 396 4200 quinque,
407 4130 507 4199 altera,
519 4147 603 4200 quam
611 4131 812 4201 moxproditu·'
824 4130 971 4185 Dorostat’
984 4129 1079 4197 fuisse,
1095 4125 1196 4181 deinde
1210 4141 1262 4205 per
1273 4139 1368 4178 vanos

260 4199 807 4324 {perseuerarent
824 4197 1084 4322 nuaram
1097 4191 1369 4317 sentinis

260 4337 425 4410 fragmenta
434 4353 470 4392 ex
482 4336 644 4394 recensione
651 4354 716 4394 mea
725 4273 807 4395 eiqm·
825 4336 985 4407 Stephanus
1001 4304 1185 4389 Endlichenrs
1201 4328 1285 4384 catal.
1302 4326 1367 4383 eod.
