<?xml version="1.0" encoding="UTF-8"?>
<!DOCTYPE html PUBLIC "-//W3C//DTD XHTML 1.0 Transitional//EN"
    "http://www.w3.org/TR/xhtml1/DTD/xhtml1-transitional.dtd">
<html xmlns="http://www.w3.org/1999/xhtml" xml:lang="en" lang="en">
 <head>
  <title>
</title>
<meta http-equiv="Content-Type" content="text/html;charset=utf-8" />
  <meta name='ocr-system' content='tesseract 3.04.00' />
  <meta name='ocr-capabilities' content='ocr_page ocr_carea ocr_par ocr_line ocrx_word'/>
</head>
<body>
  <div class='ocr_page' id='page_1' title='image "./titiliviaburbec02weisgoog_0225.png"; bbox 0 0 3359 5092; ppageno 0'>
   <div class='ocr_carea' id='block_1_1' title="bbox 527 527 1297 612">
    <p class='ocr_par' dir='ltr' id='par_1_1' title="bbox 527 527 1297 612">
     <span class='ocr_line' id='line_1_1' title="bbox 527 527 1297 612; baseline 0 -18"><span class='ocrx_word' id='word_1_1' title='bbox 527 539 646 595; x_wconf 81' lang='grc' dir='ltr'>ιιιιιι</span> <span class='ocrx_word' id='word_1_2' title='bbox 660 539 818 612; x_wconf 85' lang='lat' dir='ltr'><strong>xxxxv,</strong></span> <span class='ocrx_word' id='word_1_3' title='bbox 837 540 863 596; x_wconf 91' lang='lat'><strong>1.</strong></span> <span class='ocrx_word' id='word_1_4' title='bbox 881 538 1038 609; x_wconf 68' lang='grc' dir='ltr'>[ιιιιι]</span> <span class='ocrx_word' id='word_1_5' title='bbox 1232 527 1297 595; x_wconf 83' lang='lat'><strong>151</strong></span> 
     </span>
    </p>
   </div>
   <div class='ocr_carea' id='block_1_2' title="bbox 285 692 1297 1540">
    <p class='ocr_par' dir='ltr' id='par_1_2' title="bbox 285 692 1297 1540">
     <span class='ocr_line' id='line_1_2' title="bbox 287 692 1297 765; baseline -0.001 -14"><span class='ocrx_word' id='word_1_6' title='bbox 287 695 403 755; x_wconf 72' lang='lat' dir='ltr'><strong>sociiuoe</strong></span> <span class='ocrx_word' id='word_1_7' title='bbox 410 700 555 765; x_wconf 80' lang='lat' dir='ltr'><strong>tamquam</strong></span> <span class='ocrx_word' id='word_1_8' title='bbox 563 693 776 749; x_wconf 87' lang='lat' dir='ltr'><strong>hostesdimissi.</strong></span> <span class='ocrx_word' id='word_1_9' title='bbox 793 692 1297 765; x_wconf 79' lang='lat' dir='ltr'><strong>Macedoniamprorinciaet&#39;ormam</strong></span> 
     </span>
     <span class='ocr_line' id='line_1_3' title="bbox 285 770 1297 843; baseline -0.001 -14"><span class='ocrx_word' id='word_1_10' title='bbox 285 774 387 829; x_wconf 79' lang='lat' dir='ltr'><strong>redacta</strong></span> <span class='ocrx_word' id='word_1_11' title='bbox 398 771 537 827; x_wconf 77' lang='lat' dir='ltr'>Aemilius</span> <span class='ocrx_word' id='word_1_12' title='bbox 548 770 668 839; x_wconf 85' lang='lat' dir='ltr'><strong>Paulus,</strong></span> <span class='ocrx_word' id='word_1_13' title='bbox 685 771 910 842; x_wconf 79' lang='lat' dir='ltr'><strong>repugnantibus</strong></span> <span class='ocrx_word' id='word_1_14' title='bbox 927 771 1062 826; x_wconf 78' lang='lat' dir='ltr'><strong>militibus</strong></span> <span class='ocrx_word' id='word_1_15' title='bbox 1079 771 1166 843; x_wconf 88' lang='lat' dir='ltr'><strong>ipsius</strong></span> <span class='ocrx_word' id='word_1_16' title='bbox 1182 779 1297 843; x_wconf 82' lang='lat' dir='ltr'><strong>propter</strong></span> 
     </span>
     <span class='ocr_line' id='line_1_4' title="bbox 285 848 1296 923; baseline 0.002 -19"><span class='ocrx_word' id='word_1_17' title='bbox 285 850 405 905; x_wconf 83' lang='lat' dir='ltr'><strong>minorem</strong></span> <span class='ocrx_word' id='word_1_18' title='bbox 411 849 549 922; x_wconf 84' lang='lat' dir='ltr'><strong>praedam</strong></span> <span class='ocrx_word' id='word_1_19' title='bbox 558 855 587 905; x_wconf 89' lang='lat' dir='ltr'><strong>et</strong></span> <span class='ocrx_word' id='word_1_20' title='bbox 600 850 809 905; x_wconf 70' lang='lat' dir='ltr'><strong>contradicente</strong></span> <span class='ocrx_word' id='word_1_21' title='bbox 819 848 879 905; x_wconf 88' lang='lat' dir='ltr'><strong>Ser.</strong></span> <span class='ocrx_word' id='word_1_22' title='bbox 891 848 1016 921; x_wconf 85' lang='lat' dir='ltr'><strong>Sulpicio</strong></span> <span class='ocrx_word' id='word_1_23' title='bbox 1026 850 1129 921; x_wconf 81' lang='lat' dir='ltr'><strong>Galba,</strong></span> <span class='ocrx_word' id='word_1_24' title='bbox 1142 852 1296 923; x_wconf 85' lang='lat' dir='ltr'><strong>triumpha-</strong></span> 
     </span>
     <span class='ocr_line' id='line_1_5' title="bbox 285 925 1297 1000; baseline 0.003 -20"><span class='ocrx_word' id='word_1_25' title='bbox 285 927 316 980; x_wconf 84' lang='lat' dir='ltr'><strong>rit</strong></span> <span class='ocrx_word' id='word_1_26' title='bbox 326 930 354 982; x_wconf 87' lang='lat' dir='ltr'><strong>et</strong></span> <span class='ocrx_word' id='word_1_27' title='bbox 366 925 473 982; x_wconf 90' lang='lat' dir='ltr'><strong>Persen</strong></span> <span class='ocrx_word' id='word_1_28' title='bbox 488 941 552 980; x_wconf 92' lang='lat' dir='ltr'><strong>cum</strong></span> <span class='ocrx_word' id='word_1_29' title='bbox 565 925 654 980; x_wconf 88' lang='lat' dir='ltr'><strong>tribus</strong></span> <span class='ocrx_word' id='word_1_30' title='bbox 667 925 733 979; x_wconf 87' lang='lat' dir='ltr'><strong>filiis</strong></span> <span class='ocrx_word' id='word_1_31' title='bbox 747 926 826 982; x_wconf 86' lang='lat' dir='ltr'><strong>duxit</strong></span> <span class='ocrx_word' id='word_1_32' title='bbox 838 932 904 981; x_wconf 91' lang='lat' dir='ltr'><strong>ante</strong></span> <span class='ocrx_word' id='word_1_33' title='bbox 918 944 1036 982; x_wconf 90' lang='lat' dir='ltr'><strong>currum.</strong></span> <span class='ocrx_word' id='word_1_34' title='bbox 1072 928 1151 983; x_wconf 92' lang='lat' dir='ltr'><strong>cuius</strong></span> <span class='ocrx_word' id='word_1_35' title='bbox 1164 929 1297 1000; x_wconf 91' lang='lat' dir='ltr'><strong>triumphi</strong></span> 
     </span>
     <span class='ocr_line' id='line_1_6' title="bbox 285 1002 1296 1076; baseline -0.002 -17"><span class='ocrx_word' id='word_1_36' title='bbox 285 1004 381 1059; x_wconf 80' lang='lat' dir='ltr'><strong>laetitia</strong></span> <span class='ocrx_word' id='word_1_37' title='bbox 393 1020 430 1059; x_wconf 87' lang='lat' dir='ltr'><strong>ne</strong></span> <span class='ocrx_word' id='word_1_38' title='bbox 445 1003 536 1058; x_wconf 82' lang='lat' dir='ltr'><strong>solida</strong></span> <span class='ocrx_word' id='word_1_39' title='bbox 548 1004 576 1059; x_wconf 89' lang='lat' dir='ltr'><strong>ei</strong></span> <span class='ocrx_word' id='word_1_40' title='bbox 590 1003 775 1076; x_wconf 85' lang='lat' dir='ltr'><strong>contingeret,</strong></span> <span class='ocrx_word' id='word_1_41' title='bbox 795 1004 912 1057; x_wconf 88' lang='lat' dir='ltr'><strong>duorum</strong></span> <span class='ocrx_word' id='word_1_42' title='bbox 929 1002 1050 1059; x_wconf 88' lang='lat' dir='ltr'><strong>filiorum</strong></span> <span class='ocrx_word' id='word_1_43' title='bbox 1068 1004 1214 1060; x_wconf 75' lang='lat' dir='ltr'><strong>funeribus</strong></span> <span class='ocrx_word' id='word_1_44' title='bbox 1230 1005 1296 1058; x_wconf 91' lang='lat' dir='ltr'><strong>insi-</strong></span> 
     </span>
     <span class='ocr_line' id='line_1_7' title="bbox 285 1080 1296 1153; baseline 0.004 -17"><span class='ocrx_word' id='word_1_45' title='bbox 285 1081 352 1153; x_wconf 70' lang='lat' dir='ltr'><strong>gnita</strong></span> <span class='ocrx_word' id='word_1_46' title='bbox 363 1087 415 1150; x_wconf 88' lang='lat' dir='ltr'><strong>est,</strong></span> <span class='ocrx_word' id='word_1_47' title='bbox 434 1097 552 1151; x_wconf 86' lang='lat' dir='ltr'><strong>quorum</strong></span> <span class='ocrx_word' id='word_1_48' title='bbox 563 1080 679 1136; x_wconf 79' lang='lat' dir='ltr'><strong>uberius</strong></span> <span class='ocrx_word' id='word_1_49' title='bbox 687 1097 762 1135; x_wconf 84' lang='lat' dir='ltr'><strong>mora</strong></span> <span class='ocrx_word' id='word_1_50' title='bbox 774 1082 944 1151; x_wconf 79' lang='lat' dir='ltr'><strong>triumphmn</strong></span> <span class='ocrx_word' id='word_1_51' title='bbox 952 1083 1042 1152; x_wconf 84' lang='lat' dir='ltr'><strong>patris</strong></span> <span class='ocrx_word' id='word_1_52' title='bbox 1050 1082 1211 1153; x_wconf 70' lang='lat' dir='ltr'><strong>praecessit,</strong></span> <span class='ocrx_word' id='word_1_53' title='bbox 1227 1082 1296 1140; x_wconf 84' lang='lat' dir='ltr'><strong>alte·</strong></span> 
     </span>
     <span class='ocr_line' id='line_1_8' title="bbox 285 1159 1297 1231; baseline 0.001 -17"><span class='ocrx_word' id='word_1_54' title='bbox 285 1161 330 1214; x_wconf 81' lang='lat' dir='ltr'><strong>rius</strong></span> <span class='ocrx_word' id='word_1_55' title='bbox 342 1165 443 1215; x_wconf 75' lang='lat' dir='ltr'><strong>secuta</strong></span> <span class='ocrx_word' id='word_1_56' title='bbox 453 1164 506 1216; x_wconf 77' lang='lat' dir='ltr'><strong>est</strong></span> <span class='ocrx_word' id='word_1_57' title='bbox 542 1159 660 1214; x_wconf 87' lang='lat' dir='ltr'><strong>lustrum</strong></span> <span class='ocrx_word' id='word_1_58' title='bbox 677 1177 696 1216; x_wconf 80' lang='lat' dir='ltr'><strong>a</strong></span> <span class='ocrx_word' id='word_1_59' title='bbox 713 1159 876 1216; x_wconf 81' lang='lat' dir='ltr'><strong>censoribus</strong></span> <span class='ocrx_word' id='word_1_60' title='bbox 891 1161 1037 1216; x_wconf 82' lang='lat' dir='ltr'><strong>eonditum</strong></span> <span class='ocrx_word' id='word_1_61' title='bbox 1054 1167 1111 1231; x_wconf 85' lang='lat' dir='ltr'><strong>est,</strong></span> <span class='ocrx_word' id='word_1_62' title='bbox 1128 1176 1215 1217; x_wconf 80' lang='lat' dir='ltr'><strong>tensa</strong></span> <span class='ocrx_word' id='word_1_63' title='bbox 1232 1165 1297 1215; x_wconf 77' lang='lat' dir='ltr'><strong>sunt</strong></span> 
     </span>
     <span class='ocr_line' id='line_1_9' title="bbox 285 1236 1296 1312; baseline -0.001 -20"><span class='ocrx_word' id='word_1_64' title='bbox 285 1254 371 1292; x_wconf 77' lang='lat' dir='ltr'><strong>nuum</strong></span> <span class='ocrx_word' id='word_1_65' title='bbox 380 1236 612 1307; x_wconf 83' lang='lat' dir='ltr'><strong>caprtatrecenta</strong></span> <span class='ocrx_word' id='word_1_66' title='bbox 621 1236 853 1292; x_wconf 82' lang='lat' dir='ltr'><strong>duodecrmmrlra</strong></span> <span class='ocrx_word' id='word_1_67' title='bbox 862 1238 1025 1312; x_wconf 73' lang='lat' dir='ltr'><strong>octingenta</strong></span> <span class='ocrx_word' id='word_1_68' title='bbox 1033 1254 1164 1310; x_wconf 87' lang='lat' dir='ltr'><strong>qumque</strong></span> <span class='ocrx_word' id='word_1_69' title='bbox 1182 1237 1296 1293; x_wconf 82' lang='lat' dir='ltr'><strong>Prusias</strong></span> 
     </span>
     <span class='ocr_line' id='line_1_10' title="bbox 285 1311 1297 1387; baseline 0.002 -19"><span class='ocrx_word' id='word_1_70' title='bbox 285 1314 423 1385; x_wconf 77' lang='lat' dir='ltr'><strong>bidryniae</strong></span> <span class='ocrx_word' id='word_1_71' title='bbox 437 1330 486 1367; x_wconf 86' lang='lat' dir='ltr'><strong>rex</strong></span> <span class='ocrx_word' id='word_1_72' title='bbox 497 1311 624 1381; x_wconf 86' lang='lat' dir='ltr'><strong>Romam,</strong></span> <span class='ocrx_word' id='word_1_73' title='bbox 644 1317 676 1367; x_wconf 90' lang='lat' dir='ltr'><strong>ut</strong></span> <span class='ocrx_word' id='word_1_74' title='bbox 693 1313 802 1368; x_wconf 89' lang='lat' dir='ltr'><strong>senatui</strong></span> <span class='ocrx_word' id='word_1_75' title='bbox 816 1314 925 1386; x_wconf 81' lang='lat' dir='ltr'><strong>gratias</strong></span> <span class='ocrx_word' id='word_1_76' title='bbox 937 1319 1036 1387; x_wconf 82' lang='lat' dir='ltr'><strong>ageret</strong></span> <span class='ocrx_word' id='word_1_77' title='bbox 1048 1315 1085 1370; x_wconf 92' lang='lat' dir='ltr'><strong>ob</strong></span> <span class='ocrx_word' id='word_1_78' title='bbox 1102 1315 1245 1370; x_wconf 82' lang='lat' dir='ltr'><strong>victoriam</strong></span> <span class='ocrx_word' id='word_1_79' title='bbox 1263 1330 1297 1370; x_wconf 85' lang='lat' dir='ltr'><strong>ex</strong></span> 
     </span>
     <span class='ocr_line' id='line_1_11' title="bbox 285 1389 1296 1461; baseline -0.001 -14"><span class='ocrx_word' id='word_1_80' title='bbox 285 1390 439 1447; x_wconf 70' lang='lat' dir='ltr'><strong>droedonis</strong></span> <span class='ocrx_word' id='word_1_81' title='bbox 452 1396 571 1461; x_wconf 83' lang='lat' dir='ltr'><strong>partam,</strong></span> <span class='ocrx_word' id='word_1_82' title='bbox 584 1390 662 1445; x_wconf 86' lang='lat' dir='ltr'><strong>venit</strong></span> <span class='ocrx_word' id='word_1_83' title='bbox 675 1395 703 1444; x_wconf 88' lang='lat' dir='ltr'><strong>et</strong></span> <span class='ocrx_word' id='word_1_84' title='bbox 710 1389 883 1446; x_wconf 80' lang='lat' dir='ltr'><strong>Nicomeden</strong></span> <span class='ocrx_word' id='word_1_85' title='bbox 895 1390 984 1445; x_wconf 89' lang='lat' dir='ltr'><strong>filium</strong></span> <span class='ocrx_word' id='word_1_86' title='bbox 997 1391 1109 1448; x_wconf 87' lang='lat' dir='ltr'><strong>senatui</strong></span> <span class='ocrx_word' id='word_1_87' title='bbox 1121 1391 1296 1447; x_wconf 88' lang='lat' dir='ltr'><strong>commenda-</strong></span> 
     </span>
     <span class='ocr_line' id='line_1_12' title="bbox 285 1465 1241 1540; baseline 0.002 -18"><span class='ocrx_word' id='word_1_88' title='bbox 285 1469 320 1522; x_wconf 73' lang='lat' dir='ltr'><strong>rit</strong></span> <span class='ocrx_word' id='word_1_89' title='bbox 344 1484 394 1523; x_wconf 84' lang='lat' dir='ltr'><strong>rex</strong></span> <span class='ocrx_word' id='word_1_90' title='bbox 402 1467 504 1539; x_wconf 87' lang='lat' dir='ltr'><strong>plenus</strong></span> <span class='ocrx_word' id='word_1_91' title='bbox 512 1465 682 1522; x_wconf 84' lang='lat' dir='ltr'><strong>adulationis</strong></span> <span class='ocrx_word' id='word_1_92' title='bbox 690 1466 822 1522; x_wconf 87' lang='lat' dir='ltr'><strong>libertum</strong></span> <span class='ocrx_word' id='word_1_93' title='bbox 831 1485 861 1523; x_wconf 91' lang='lat' dir='ltr'><strong>se</strong></span> <span class='ocrx_word' id='word_1_94' title='bbox 870 1469 968 1540; x_wconf 93' lang='lat' dir='ltr'><strong>populi</strong></span> <span class='ocrx_word' id='word_1_95' title='bbox 976 1468 1097 1524; x_wconf 83' lang='lat' dir='ltr'><strong>Romani</strong></span> <span class='ocrx_word' id='word_1_96' title='bbox 1105 1467 1241 1535; x_wconf 78' lang='lat' dir='ltr'><strong>dicebat]</strong></span> 
     </span>
    </p>
   </div>
   <div class='ocr_carea' id='block_1_3' title="bbox 557 1898 1011 2100">
    <p class='ocr_par' dir='ltr' id='par_1_3' title="bbox 557 1898 1011 2100">
     <span class='ocr_line' id='line_1_13' title="bbox 629 1898 946 1980; baseline -0.003 0"><span class='ocrx_word' id='word_1_97' title='bbox 629 1898 770 1980; x_wconf 86' lang='grc' dir='ltr'>ΤΙΤΙ</span> <span class='ocrx_word' id='word_1_98' title='bbox 797 1898 946 1979; x_wconf 87' lang='lat' dir='ltr'>LIVI</span> 
     </span>
     <span class='ocr_line' id='line_1_14' title="bbox 557 2037 1011 2100; baseline 0.002 -2"><span class='ocrx_word' id='word_1_99' title='bbox 557 2037 619 2098; x_wconf 81' lang='lat' dir='ltr'><strong>nn</strong></span> <span class='ocrx_word' id='word_1_100' title='bbox 641 2038 766 2100; x_wconf 77' lang='lat' dir='ltr'><strong>veen</strong></span> <span class='ocrx_word' id='word_1_101' title='bbox 789 2037 1011 2100; x_wconf 80' lang='lat' dir='ltr'><strong>connnrn</strong></span> 
     </span>
    </p>
   </div>
   <div class='ocr_carea' id='block_1_4' title="bbox 644 2236 929 2292">
    <p class='ocr_par' dir='ltr' id='par_1_4' title="bbox 644 2236 929 2292">
     <span class='ocr_line' id='line_1_15' title="bbox 644 2236 929 2292; baseline 0 -1"><span class='ocrx_word' id='word_1_102' title='bbox 644 2237 761 2291; x_wconf 85' lang='lat' dir='ltr'><strong>LIBER</strong></span> <span class='ocrx_word' id='word_1_103' title='bbox 778 2236 929 2292; x_wconf 85' lang='lat' dir='ltr'>XXXXV.</span> 
     </span>
    </p>
   </div>
   <div class='ocr_carea' id='block_1_5' title="bbox 285 2392 1415 3976">
    <p class='ocr_par' dir='ltr' id='par_1_5' title="bbox 285 2392 1415 3976">
     <span class='ocr_line' id='line_1_16' title="bbox 335 2392 1329 2476; baseline 0 -14"><span class='ocrx_word' id='word_1_104' title='bbox 335 2398 364 2462; x_wconf 94' lang='grc' dir='ltr'><strong>Ι.</strong></span> <span class='ocrx_word' id='word_1_105' title='bbox 391 2396 555 2463; x_wconf 82' lang='lat' dir='ltr'><strong>Victoriae</strong></span> <span class='ocrx_word' id='word_1_106' title='bbox 575 2394 694 2472; x_wconf 91' lang='lat' dir='ltr'><strong>nuntii,</strong></span> <span class='ocrx_word' id='word_1_107' title='bbox 718 2392 761 2476; x_wconf 81' lang='lat' dir='ltr'><strong>Q.</strong></span> <span class='ocrx_word' id='word_1_108' title='bbox 779 2393 901 2458; x_wconf 80' lang='lat' dir='ltr'><strong>Fabius</strong></span> <span class='ocrx_word' id='word_1_109' title='bbox 919 2403 951 2458; x_wconf 90' lang='lat' dir='ltr'><strong>et</strong></span> <span class='ocrx_word' id='word_1_110' title='bbox 967 2392 1009 2456; x_wconf 90' lang='lat' dir='ltr'><strong>L.</strong></span> <span class='ocrx_word' id='word_1_111' title='bbox 1026 2392 1185 2458; x_wconf 86' lang='lat' dir='ltr'><strong>Lentulus</strong></span> <span class='ocrx_word' id='word_1_112' title='bbox 1203 2403 1236 2457; x_wconf 92' lang='lat' dir='ltr'><strong>et</strong></span> <span class='ocrx_word' id='word_1_113' title='bbox 1253 2392 1294 2473; x_wconf 84' lang='lat' dir='ltr'><strong>Q.</strong></span> <span class='ocrx_word' id='word_1_114' title='bbox 1315 2416 1329 2462; x_wconf 91' lang='lat'>1</span> 
     </span>
     <span class='ocr_line' id='line_1_17' title="bbox 285 2486 1297 2575; baseline -0.006 -17"><span class='ocrx_word' id='word_1_115' title='bbox 285 2492 442 2569; x_wconf 66' lang='lat' dir='ltr'><strong>Metellus,</strong></span> <span class='ocrx_word' id='word_1_116' title='bbox 462 2502 581 2574; x_wconf 88' lang='lat' dir='ltr'><strong>quanta</strong></span> <span class='ocrx_word' id='word_1_117' title='bbox 596 2489 701 2575; x_wconf 90' lang='lat' dir='ltr'><strong>potuit</strong></span> <span class='ocrx_word' id='word_1_118' title='bbox 717 2488 862 2553; x_wconf 88' lang='lat' dir='ltr'><strong>adhiberi</strong></span> <span class='ocrx_word' id='word_1_119' title='bbox 878 2486 1053 2564; x_wconf 78' lang='lat' dir='ltr'><strong>festinatio,</strong></span> <span class='ocrx_word' id='word_1_120' title='bbox 1072 2487 1215 2553; x_wconf 87' lang='lat' dir='ltr'><strong>celeriter</strong></span> <span class='ocrx_word' id='word_1_121' title='bbox 1231 2487 1297 2552; x_wconf 90' lang='lat' dir='ltr'><strong>Ro·</strong></span> 
     </span>
     <span class='ocr_line' id='line_1_18' title="bbox 285 2581 1296 2670; baseline -0.007 -18"><span class='ocrx_word' id='word_1_122' title='bbox 285 2609 359 2652; x_wconf 89' lang='lat' dir='ltr'><strong>nam</strong></span> <span class='ocrx_word' id='word_1_123' title='bbox 376 2609 451 2651; x_wconf 89' lang='lat' dir='ltr'><strong>cum</strong></span> <span class='ocrx_word' id='word_1_124' title='bbox 465 2586 636 2660; x_wconf 88' lang='lat' dir='ltr'><strong>venissent,</strong></span> <span class='ocrx_word' id='word_1_125' title='bbox 652 2594 856 2670; x_wconf 82' lang='lat' dir='ltr'><strong>praeceptam</strong></span> <span class='ocrx_word' id='word_1_126' title='bbox 873 2592 980 2647; x_wconf 89' lang='lat' dir='ltr'><strong>tamen</strong></span> <span class='ocrx_word' id='word_1_127' title='bbox 995 2581 1063 2647; x_wconf 90' lang='lat' dir='ltr'><strong>eius</strong></span> <span class='ocrx_word' id='word_1_128' title='bbox 1080 2581 1127 2647; x_wconf 89' lang='lat' dir='ltr'><strong>rei</strong></span> <span class='ocrx_word' id='word_1_129' title='bbox 1143 2582 1296 2647; x_wconf 86' lang='lat' dir='ltr'><strong>laetitiam</strong></span> 
     </span>
     <span class='ocr_line' id='line_1_19' title="bbox 285 2677 1330 2763; baseline -0.002 -19"><span class='ocrx_word' id='word_1_130' title='bbox 285 2691 472 2746; x_wconf 80' lang='lat' dir='ltr'><strong>nvenerunt.</strong></span> <span class='ocrx_word' id='word_1_131' title='bbox 517 2689 631 2763; x_wconf 84' lang='lat' dir='ltr'><strong>quarto</strong></span> <span class='ocrx_word' id='word_1_132' title='bbox 647 2689 720 2763; x_wconf 91' lang='lat' dir='ltr'><strong>post</strong></span> <span class='ocrx_word' id='word_1_133' title='bbox 738 2677 789 2741; x_wconf 92' lang='lat' dir='ltr'><strong>die</strong></span> <span class='ocrx_word' id='word_1_134' title='bbox 807 2698 904 2760; x_wconf 90' lang='lat' dir='ltr'><strong>quam</strong></span> <span class='ocrx_word' id='word_1_135' title='bbox 922 2697 995 2739; x_wconf 90' lang='lat' dir='ltr'><strong>cum</strong></span> <span class='ocrx_word' id='word_1_136' title='bbox 1012 2698 1089 2762; x_wconf 85' lang='lat' dir='ltr'><strong>rege</strong></span> <span class='ocrx_word' id='word_1_137' title='bbox 1107 2687 1156 2741; x_wconf 86' lang='lat' dir='ltr'><strong>est</strong></span> <span class='ocrx_word' id='word_1_138' title='bbox 1172 2697 1297 2762; x_wconf 86' lang='lat' dir='ltr'><strong>pugna·</strong></span> <span class='ocrx_word' id='word_1_139' title='bbox 1315 2696 1330 2742; x_wconf 82' lang='lat'><strong>2</strong></span> 
     </span>
     <span class='ocr_line' id='line_1_20' title="bbox 285 2769 1415 2856; baseline -0.007 -16"><span class='ocrx_word' id='word_1_140' title='bbox 285 2797 357 2852; x_wconf 85' lang='lat' dir='ltr'><strong>um,</strong></span> <span class='ocrx_word' id='word_1_141' title='bbox 383 2796 458 2839; x_wconf 91' lang='lat' dir='ltr'><strong>cum</strong></span> <span class='ocrx_word' id='word_1_142' title='bbox 479 2772 514 2838; x_wconf 91' lang='lat' dir='ltr'><strong>in</strong></span> <span class='ocrx_word' id='word_1_143' title='bbox 531 2772 615 2837; x_wconf 87' lang='lat' dir='ltr'><strong>circo</strong></span> <span class='ocrx_word' id='word_1_144' title='bbox 637 2771 705 2835; x_wconf 90' lang='lat' dir='ltr'><strong>ludi</strong></span> <span class='ocrx_word' id='word_1_145' title='bbox 726 2772 853 2847; x_wconf 88' lang='lat' dir='ltr'><strong>fierent,</strong></span> <span class='ocrx_word' id='word_1_146' title='bbox 879 2792 1023 2835; x_wconf 89' lang='lat' dir='ltr'><strong>murmur</strong></span> <span class='ocrx_word' id='word_1_147' title='bbox 1039 2781 1174 2855; x_wconf 86' lang='lat' dir='ltr'><strong>repente</strong></span> <span class='ocrx_word' id='word_1_148' title='bbox 1188 2769 1297 2856; x_wconf 91' lang='lat' dir='ltr'><strong>populi</strong></span> <span class='ocrx_word' id='word_1_149' title='bbox 1413 2793 1415 2798; x_wconf 94' lang='lat'>·</span> 
     </span>
     <span class='ocr_line' id='line_1_21' title="bbox 285 2863 1297 2954; baseline -0.007 -20"><span class='ocrx_word' id='word_1_150' title='bbox 285 2880 339 2934; x_wconf 78' lang='lat' dir='ltr'><strong>uta</strong></span> <span class='ocrx_word' id='word_1_151' title='bbox 356 2868 539 2954; x_wconf 82' lang='lat' dir='ltr'><strong>spectacula</strong></span> <span class='ocrx_word' id='word_1_152' title='bbox 556 2866 705 2952; x_wconf 88' lang='lat' dir='ltr'><strong>pervasit,</strong></span> <span class='ocrx_word' id='word_1_153' title='bbox 723 2876 904 2950; x_wconf 86' lang='lat' dir='ltr'><strong>pugnatum</strong></span> <span class='ocrx_word' id='word_1_154' title='bbox 916 2863 1152 2931; x_wconf 85' lang='lat' dir='ltr'><strong>inMacedonia</strong></span> <span class='ocrx_word' id='word_1_155' title='bbox 1164 2875 1197 2929; x_wconf 86' lang='lat' dir='ltr'><strong>et</strong></span> <span class='ocrx_word' id='word_1_156' title='bbox 1209 2863 1297 2928; x_wconf 87' lang='lat' dir='ltr'><strong>devi-</strong></span> 
     </span>
     <span class='ocr_line' id='line_1_22' title="bbox 285 2958 1331 3048; baseline -0.004 -20"><span class='ocrx_word' id='word_1_157' title='bbox 285 2975 359 3028; x_wconf 70' lang='lat' dir='ltr'><strong>rom</strong></span> <span class='ocrx_word' id='word_1_158' title='bbox 372 2985 483 3048; x_wconf 87' lang='lat' dir='ltr'><strong>regem</strong></span> <span class='ocrx_word' id='word_1_159' title='bbox 497 2983 577 3038; x_wconf 88' lang='lat' dir='ltr'><strong>esse,</strong></span> <span class='ocrx_word' id='word_1_160' title='bbox 596 2959 669 3026; x_wconf 90' lang='lat' dir='ltr'><strong>dein</strong></span> <span class='ocrx_word' id='word_1_161' title='bbox 686 2959 831 3025; x_wconf 86' lang='lat' dir='ltr'><strong>fremitus</strong></span> <span class='ocrx_word' id='word_1_162' title='bbox 844 2958 988 3036; x_wconf 80' lang='lat' dir='ltr'><strong>increvit,</strong></span> <span class='ocrx_word' id='word_1_163' title='bbox 1005 2969 1165 3044; x_wconf 87' lang='lat' dir='ltr'><strong>postremo</strong></span> <span class='ocrx_word' id='word_1_164' title='bbox 1180 2959 1298 3023; x_wconf 89' lang='lat' dir='ltr'><strong>clamor</strong></span> <span class='ocrx_word' id='word_1_165' title='bbox 1315 2977 1331 3024; x_wconf 77' lang='lat' dir='ltr'><strong>a</strong></span> 
     </span>
     <span class='ocr_line' id='line_1_23' title="bbox 285 3052 1297 3143; baseline -0.008 -21"><span class='ocrx_word' id='word_1_166' title='bbox 285 3053 517 3143; x_wconf 84' lang='lat' dir='ltr'><strong>plausus[que]‚</strong></span> <span class='ocrx_word' id='word_1_167' title='bbox 548 3055 636 3120; x_wconf 90' lang='lat' dir='ltr'><strong>velut</strong></span> <span class='ocrx_word' id='word_1_168' title='bbox 666 3064 752 3120; x_wconf 89' lang='lat' dir='ltr'><strong>ccrto</strong></span> <span class='ocrx_word' id='word_1_169' title='bbox 785 3053 898 3118; x_wconf 91' lang='lat' dir='ltr'><strong>nuntio</strong></span> <span class='ocrx_word' id='word_1_170' title='bbox 929 3052 1079 3117; x_wconf 83' lang='lat' dir='ltr'><strong>victoriae</strong></span> <span class='ocrx_word' id='word_1_171' title='bbox 1110 3052 1219 3128; x_wconf 87' lang='lat' dir='ltr'><strong>allato,</strong></span> <span class='ocrx_word' id='word_1_172' title='bbox 1250 3062 1297 3115; x_wconf 85' lang='lat' dir='ltr'><strong>est</strong></span> 
     </span>
     <span class='ocr_line' id='line_1_24' title="bbox 285 3148 1332 3235; baseline -0.006 -19"><span class='ocrx_word' id='word_1_173' title='bbox 285 3164 413 3216; x_wconf 78' lang='lat' dir='ltr'><strong>exortus.</strong></span> <span class='ocrx_word' id='word_1_174' title='bbox 441 3149 548 3214; x_wconf 88' lang='lat' dir='ltr'><strong>mirari</strong></span> <span class='ocrx_word' id='word_1_175' title='bbox 564 3148 770 3235; x_wconf 83' lang='lat' dir='ltr'><strong>magistratus</strong></span> <span class='ocrx_word' id='word_1_176' title='bbox 787 3157 819 3212; x_wconf 90' lang='lat' dir='ltr'><strong>et</strong></span> <span class='ocrx_word' id='word_1_177' title='bbox 836 3167 989 3230; x_wconf 89' lang='lat' dir='ltr'><strong>quaerere</strong></span> <span class='ocrx_word' id='word_1_178' title='bbox 1008 3154 1169 3209; x_wconf 89' lang='lat' dir='ltr'><strong>auctorem</strong></span> <span class='ocrx_word' id='word_1_179' title='bbox 1185 3165 1298 3227; x_wconf 87' lang='lat' dir='ltr'><strong>repen·</strong></span> <span class='ocrx_word' id='word_1_180' title='bbox 1315 3164 1332 3210; x_wconf 78' lang='grc' dir='ltr'><strong>ι</strong></span> 
     </span>
     <span class='ocr_line' id='line_1_25' title="bbox 285 3236 1299 3329; baseline -0.011 -19"><span class='ocrx_word' id='word_1_181' title='bbox 285 3246 359 3311; x_wconf 85' lang='lat' dir='ltr'><strong>tinae</strong></span> <span class='ocrx_word' id='word_1_182' title='bbox 380 3245 519 3310; x_wconf 87' lang='lat' dir='ltr'><strong>laetitiae</strong></span> <span class='ocrx_word' id='word_1_183' title='bbox 525 3269 534 3321; x_wconf 84' lang='lat'><em>3</em></span> <span class='ocrx_word' id='word_1_184' title='bbox 561 3244 617 3328; x_wconf 90' lang='lat' dir='ltr'><strong>qui</strong></span> <span class='ocrx_word' id='word_1_185' title='bbox 637 3253 807 3329; x_wconf 89' lang='lat' dir='ltr'><strong>postquam</strong></span> <span class='ocrx_word' id='word_1_186' title='bbox 830 3242 938 3306; x_wconf 83' lang='lat' dir='ltr'><strong>nullus</strong></span> <span class='ocrx_word' id='word_1_187' title='bbox 956 3250 1037 3316; x_wconf 88' lang='lat' dir='ltr'><strong>erat,</strong></span> <span class='ocrx_word' id='word_1_188' title='bbox 1064 3237 1192 3303; x_wconf 85' lang='lat' dir='ltr'><strong>evanuit</strong></span> <span class='ocrx_word' id='word_1_189' title='bbox 1210 3236 1299 3319; x_wconf 88' lang='lat' dir='ltr'><strong>equi-</strong></span> 
     </span>
     <span class='ocr_line' id='line_1_26' title="bbox 285 3331 1298 3423; baseline -0.01 -19"><span class='ocrx_word' id='word_1_190' title='bbox 285 3336 349 3404; x_wconf 79' lang='lat' dir='ltr'><strong>dem</strong></span> <span class='ocrx_word' id='word_1_191' title='bbox 369 3351 534 3423; x_wconf 81' lang='lat' dir='ltr'><strong>tamquam</strong></span> <span class='ocrx_word' id='word_1_192' title='bbox 552 3350 657 3403; x_wconf 86' lang='lat' dir='ltr'><strong>certae</strong></span> <span class='ocrx_word' id='word_1_193' title='bbox 678 3337 726 3401; x_wconf 84' lang='lat' dir='ltr'><strong>rei</strong></span> <span class='ocrx_word' id='word_1_194' title='bbox 748 3335 917 3422; x_wconf 84' lang='lat' dir='ltr'><strong>gaudium,</strong></span> <span class='ocrx_word' id='word_1_195' title='bbox 940 3354 1035 3401; x_wconf 89' lang='lat' dir='ltr'><strong>omen</strong></span> <span class='ocrx_word' id='word_1_196' title='bbox 1056 3342 1163 3396; x_wconf 85' lang='lat' dir='ltr'><strong>temen</strong></span> <span class='ocrx_word' id='word_1_197' title='bbox 1180 3331 1298 3395; x_wconf 87' lang='lat' dir='ltr'><strong>laetum</strong></span> 
     </span>
     <span class='ocr_line' id='line_1_27' title="bbox 285 3424 1333 3515; baseline -0.005 -17"><span class='ocrx_word' id='word_1_198' title='bbox 285 3427 433 3499; x_wconf 77' lang='lat' dir='ltr'><strong>insidebat</strong></span> <span class='ocrx_word' id='word_1_199' title='bbox 450 3432 573 3497; x_wconf 87' lang='lat' dir='ltr'><strong>animis.</strong></span> <span class='ocrx_word' id='word_1_200' title='bbox 600 3430 686 3515; x_wconf 91' lang='lat' dir='ltr'><strong>quod</strong></span> <span class='ocrx_word' id='word_1_201' title='bbox 702 3441 873 3515; x_wconf 87' lang='lat' dir='ltr'><strong>postquam</strong></span> <span class='ocrx_word' id='word_1_202' title='bbox 891 3427 973 3493; x_wconf 87' lang='lat' dir='ltr'><strong>veris</strong></span> <span class='ocrx_word' id='word_1_203' title='bbox 990 3426 1108 3490; x_wconf 84' lang='lat' dir='ltr'><strong>nuntiis</strong></span> <span class='ocrx_word' id='word_1_204' title='bbox 1122 3424 1300 3489; x_wconf 77' lang='lat' dir='ltr'><strong>FabiLen·</strong></span> <span class='ocrx_word' id='word_1_205' title='bbox 1318 3445 1333 3493; x_wconf 84' lang='lat'><strong>5</strong></span> 
     </span>
     <span class='ocr_line' id='line_1_28' title="bbox 285 3520 1301 3613; baseline -0.011 -19"><span class='ocrx_word' id='word_1_206' title='bbox 285 3528 397 3613; x_wconf 80' lang='lat' dir='ltr'><strong>tulique</strong></span> <span class='ocrx_word' id='word_1_207' title='bbox 424 3540 456 3594; x_wconf 88' lang='lat' dir='ltr'><strong>et</strong></span> <span class='ocrx_word' id='word_1_208' title='bbox 481 3527 607 3593; x_wconf 82' lang='lat' dir='ltr'><strong>Metelli</strong></span> <span class='ocrx_word' id='word_1_209' title='bbox 633 3526 772 3591; x_wconf 86' lang='lat' dir='ltr'><strong>adventu</strong></span> <span class='ocrx_word' id='word_1_210' title='bbox 797 3525 1033 3589; x_wconf 84' lang='lat' dir='ltr'><strong>firmatumt</strong></span> <span class='ocrx_word' id='word_1_211' title='bbox 985 3533 1048 3599; x_wconf 87' lang='lat' dir='ltr'><strong>est,</strong></span> <span class='ocrx_word' id='word_1_212' title='bbox 1075 3543 1148 3587; x_wconf 88' lang='lat' dir='ltr'><strong>cum</strong></span> <span class='ocrx_word' id='word_1_213' title='bbox 1170 3520 1301 3584; x_wconf 87' lang='lat' dir='ltr'><strong>victoria</strong></span> 
     </span>
     <span class='ocr_line' id='line_1_29' title="bbox 285 3615 1334 3708; baseline -0.009 -19"><span class='ocrx_word' id='word_1_214' title='bbox 285 3615 361 3708; x_wconf 75' lang='lat' dir='ltr'><strong>ipsa,</strong></span> <span class='ocrx_word' id='word_1_215' title='bbox 392 3635 463 3688; x_wconf 90' lang='lat' dir='ltr'><strong>tum</strong></span> <span class='ocrx_word' id='word_1_216' title='bbox 489 3620 622 3708; x_wconf 86' lang='lat' dir='ltr'><strong>augurio</strong></span> <span class='ocrx_word' id='word_1_217' title='bbox 648 3621 826 3685; x_wconf 88' lang='lat' dir='ltr'><strong>animorum</strong></span> <span class='ocrx_word' id='word_1_218' title='bbox 853 3639 983 3684; x_wconf 91' lang='lat' dir='ltr'><strong>suorum</strong></span> <span class='ocrx_word' id='word_1_219' title='bbox 1008 3616 1217 3682; x_wconf 76' lang='lat' dir='ltr'><strong>laetabantur.</strong></span> <span class='ocrx_word' id='word_1_220' title='bbox 1269 3625 1334 3680; x_wconf 81' lang='grc' dir='ltr'><strong>ιιι</strong></span> 
     </span>
     <span class='ocr_line' id='line_1_30' title="bbox 286 3707 1301 3784; baseline -0.012 0"><span class='ocrx_word' id='word_1_221' title='bbox 286 3717 376 3784; x_wconf 72' lang='lat' dir='ltr'><strong>altera</strong></span> <span class='ocrx_word' id='word_1_222' title='bbox 400 3717 536 3782; x_wconf 86' lang='lat' dir='ltr'><strong>traditur</strong></span> <span class='ocrx_word' id='word_1_223' title='bbox 561 3715 709 3781; x_wconf 89' lang='lat' dir='ltr'><strong>circensis</strong></span> <span class='ocrx_word' id='word_1_224' title='bbox 737 3714 850 3779; x_wconf 89' lang='lat' dir='ltr'><strong>turbae</strong></span> <span class='ocrx_word' id='word_1_225' title='bbox 876 3734 941 3778; x_wconf 89' lang='lat' dir='ltr'><strong>non</strong></span> <span class='ocrx_word' id='word_1_226' title='bbox 967 3710 1071 3775; x_wconf 89' lang='lat' dir='ltr'><strong>minus</strong></span> <span class='ocrx_word' id='word_1_227' title='bbox 1098 3709 1207 3775; x_wconf 82' lang='lat' dir='ltr'><strong>similis</strong></span> <span class='ocrx_word' id='word_1_228' title='bbox 1234 3707 1301 3773; x_wconf 87' lang='lat' dir='ltr'><strong>veri</strong></span> 
     </span>
     <span class='ocr_line' id='line_1_31' title="bbox 285 3801 1301 3894; baseline -0.012 -16"><span class='ocrx_word' id='word_1_229' title='bbox 285 3803 405 3877; x_wconf 75' lang='lat' dir='ltr'><strong>helitia.</strong></span> <span class='ocrx_word' id='word_1_230' title='bbox 432 3822 508 3877; x_wconf 91' lang='lat' dir='ltr'><strong>ante</strong></span> <span class='ocrx_word' id='word_1_231' title='bbox 525 3810 610 3875; x_wconf 90' lang='lat' dir='ltr'><strong>diem</strong></span> <span class='ocrx_word' id='word_1_232' title='bbox 626 3808 774 3894; x_wconf 89' lang='lat' dir='ltr'><strong>quintum</strong></span> <span class='ocrx_word' id='word_1_233' title='bbox 793 3807 952 3873; x_wconf 89' lang='lat' dir='ltr'><strong>decimum</strong></span> <span class='ocrx_word' id='word_1_234' title='bbox 969 3803 1122 3870; x_wconf 83' lang='lat' dir='ltr'><strong>kalendas</strong></span> <span class='ocrx_word' id='word_1_235' title='bbox 1132 3801 1301 3877; x_wconf 88' lang='lat' dir='ltr'><strong>Octobres,</strong></span> 
     </span>
     <span class='ocr_line' id='line_1_32' title="bbox 285 3895 1300 3976; baseline -0.011 -7"><span class='ocrx_word' id='word_1_236' title='bbox 285 3895 427 3971; x_wconf 81' lang='lat' dir='ltr'><strong>ludorum</strong></span> <span class='ocrx_word' id='word_1_237' title='bbox 444 3904 662 3971; x_wconf 86' lang='lat' dir='ltr'><strong>Romanorum</strong></span> <span class='ocrx_word' id='word_1_238' title='bbox 680 3902 819 3969; x_wconf 86' lang='lat' dir='ltr'><strong>secundo</strong></span> <span class='ocrx_word' id='word_1_239' title='bbox 838 3902 900 3976; x_wconf 80' lang='lat' dir='ltr'><strong>die,</strong></span> <span class='ocrx_word' id='word_1_240' title='bbox 919 3897 958 3964; x_wconf 84' lang='lat' dir='ltr'><strong>G.</strong></span> <span class='ocrx_word' id='word_1_241' title='bbox 975 3896 1103 3963; x_wconf 88' lang='lat' dir='ltr'><strong>Licinio</strong></span> <span class='ocrx_word' id='word_1_242' title='bbox 1121 3896 1244 3963; x_wconf 88' lang='lat' dir='ltr'><strong>consuli</strong></span> <span class='ocrx_word' id='word_1_243' title='bbox 1260 3895 1300 3958; x_wconf 88' lang='lat' dir='ltr'><strong>ad</strong></span> 
     </span>
    </p>
   </div>
   <div class='ocr_carea' id='block_1_6' title="bbox 285 3991 1336 4374">
    <p class='ocr_par' dir='ltr' id='par_1_6' title="bbox 285 3991 1336 4368">
     <span class='ocr_line' id='line_1_33' title="bbox 285 3991 1301 4087; baseline -0.018 -19"><span class='ocrx_word' id='word_1_244' title='bbox 285 4000 451 4087; x_wconf 71' lang='lat' dir='ltr'><strong>quadrigas</strong></span> <span class='ocrx_word' id='word_1_245' title='bbox 482 3998 652 4070; x_wconf 84' lang='lat' dir='ltr'><strong>mittendae</strong></span> <span class='ocrx_word' id='word_1_246' title='bbox 679 3995 863 4063; x_wconf 85' lang='lat' dir='ltr'><strong>escendenti</strong></span> <span class='ocrx_word' id='word_1_247' title='bbox 889 3992 1088 4069; x_wconf 85' lang='lat' dir='ltr'><strong>tabellarius,</strong></span> <span class='ocrx_word' id='word_1_248' title='bbox 1119 3991 1175 4075; x_wconf 88' lang='lat' dir='ltr'><strong>qui</strong></span> <span class='ocrx_word' id='word_1_249' title='bbox 1201 4010 1235 4053; x_wconf 90' lang='lat' dir='ltr'><strong>ae</strong></span> <span class='ocrx_word' id='word_1_250' title='bbox 1262 4011 1301 4051; x_wconf 87' lang='grc' dir='ltr'><strong>ιιι</strong></span> 
     </span>
     <span class='ocr_line' id='line_1_34' title="bbox 285 4077 1300 4171; baseline -0.018 -8"><span class='ocrx_word' id='word_1_251' title='bbox 285 4085 475 4162; x_wconf 73' lang='lat' dir='ltr'><strong>Macedonia</strong></span> <span class='ocrx_word' id='word_1_252' title='bbox 495 4093 602 4159; x_wconf 89' lang='lat' dir='ltr'><strong>venire</strong></span> <span class='ocrx_word' id='word_1_253' title='bbox 625 4091 758 4170; x_wconf 86' lang='lat' dir='ltr'><strong>diceret,</strong></span> <span class='ocrx_word' id='word_1_254' title='bbox 785 4092 942 4157; x_wconf 88' lang='lat' dir='ltr'><strong>laureatas</strong></span> <span class='ocrx_word' id='word_1_255' title='bbox 964 4089 1084 4154; x_wconf 87' lang='lat' dir='ltr'><strong>litteras</strong></span> <span class='ocrx_word' id='word_1_256' title='bbox 1106 4077 1300 4171; x_wconf 89' lang='lat' dir='ltr'><strong>[tradidisse]</strong></span> 
     </span>
     <span class='ocr_line' id='line_1_35' title="bbox 285 4175 1336 4274; baseline -0.015 -19"><span class='ocrx_word' id='word_1_257' title='bbox 285 4187 405 4255; x_wconf 85' lang='lat' dir='ltr'><strong>dicitur.</strong></span> <span class='ocrx_word' id='word_1_258' title='bbox 449 4187 613 4274; x_wconf 83' lang='lat' dir='ltr'><strong>quadrigis</strong></span> <span class='ocrx_word' id='word_1_259' title='bbox 636 4186 741 4251; x_wconf 88' lang='lat' dir='ltr'><strong>missis</strong></span> <span class='ocrx_word' id='word_1_260' title='bbox 764 4184 874 4251; x_wconf 85' lang='lat' dir='ltr'><strong>consul</strong></span> <span class='ocrx_word' id='word_1_261' title='bbox 897 4205 1025 4248; x_wconf 89' lang='lat' dir='ltr'><strong>currum</strong></span> <span class='ocrx_word' id='word_1_262' title='bbox 1047 4175 1336 4250; x_wconf 57' lang='lat' dir='ltr'><strong>conscenditur</strong></span> 
     </span>
     <span class='ocr_line' id='line_1_36' title="bbox 285 4270 1304 4374; baseline -0.02 -23"><span class='ocrx_word' id='word_1_263' title='bbox 285 4303 355 4350; x_wconf 80' lang='lat' dir='ltr'><strong>cum</strong></span> <span class='ocrx_word' id='word_1_264' title='bbox 371 4306 430 4368; x_wconf 88' lang='lat' dir='ltr'><strong>per</strong></span> <span class='ocrx_word' id='word_1_265' title='bbox 447 4282 567 4348; x_wconf 83' lang='grc' dir='ltr'>ιὶιιιιιιι</span> <span class='ocrx_word' id='word_1_266' title='bbox 583 4281 787 4347; x_wconf 87' lang='lat' dir='ltr'><strong>reveheretur</strong></span> <span class='ocrx_word' id='word_1_267' title='bbox 803 4280 845 4344; x_wconf 89' lang='lat' dir='ltr'><strong>ad</strong></span> <span class='ocrx_word' id='word_1_268' title='bbox 862 4279 948 4344; x_wconf 86' lang='lat' dir='ltr'><strong>foros</strong></span> <span class='ocrx_word' id='word_1_269' title='bbox 965 4273 1124 4363; x_wconf 87' lang='lat' dir='ltr'><strong>publicos,</strong></span> <span class='ocrx_word' id='word_1_270' title='bbox 1146 4270 1304 4374; x_wconf 85' lang='lat' dir='ltr'><strong>laureatas</strong></span> 
     </span>
    </p>
   </div>
   <div class='ocr_carea' id='block_1_7' title="bbox 0 0 1685 5092">
    <p class='ocr_par' dir='ltr' id='par_1_7' title="bbox 0 0 1685 5092">
     <span class='ocr_line' id='line_1_37' title="bbox 0 0 1685 5092; baseline 0 0"><span class='ocrx_word' id='word_1_271' title='bbox 0 0 1685 5092; x_wconf 95' lang='lat' dir='ltr'><strong> </strong></span> 
     </span>
    </p>
   </div>
  </div>
 </body>
</html>
