3359 5092
665 391 840 435 annoanlo
856 392 979 436 amnica.
1328 403 1380 450 VII

271 513 390 581 adierat,
405 509 566 567 adfirmavit
589 510 664 581 quod
677 509 954 567 variantessoumen
962 512 1089 569 criticum
1097 514 1198 585 redire,
1214 521 1251 586 et,
1264 516 1336 571 utin
1345 535 1379 574 eo

271 583 345 638 unici
359 581 443 636 istius
452 579 557 636 codicis
567 551 716 649 iectiones‚
730 597 749 635 a
761 575 1043 637 cla-'subsistendum
1057 589 1133 639 esset
1164 584 1194 639 in
1227 601 1263 639 uo
1279 585 1379 641 “inex-

266 652 379 707 rissimo
394 649 563 706 Gentilottio
582 649 732 718 collectae,
751 639 957 719 con-fplicatae
975 652 1169 722 probabilitati
1186 655 1316 708 minimus
1338 655 1379 709 lo-

265 718 425 776 tinuationi
441 718 709 774 Commentariorum
732 717 884 792 Lam-,cus
905 719 977 775 relin
997 722 1152 776 ucretnr.”⁵
1194 723 1235 777 At
1257 724 1378 778 acumini

267 791 453 846 becianorum
469 787 635 843 inserendae
648 791 750 855 essent,
770 787 944 864 ea·‚oritico,
960 737 997 843 aa
1010 790 1085 859 quod
1099 796 1174 846 certe
1188 791 1278 846 omnis
1290 809 1336 847 res
1349 792 1379 847 in

267 876 323 984 que
340 856 519 938 continuatio
534 857 597 928 jam
614 856 693 936 prelo
716 857 904 942 paratagloois
913 858 1051 938 corruptis
1059 860 1171 929 redibit,
1187 861 1307 917 solidum
1320 861 1377 932 pri-

267 923 1376 1075 mt‘tttbtltttllltitliztltlttlttlttltttltttt

267 1077 327 1136 tur3
340 1071 377 1120 ut
388 1079 456 1119 vero
465 1069 577 1118 mtenm
590 1080 681 1133 ipsum
690 1063 917 1150 codicemjhodie
932 1069 1007 1119 certe
1022 1081 1160 1136 exponere
1173 1083 1230 1121 non
1240 1084 1310 1138 opus
1325 1073 1376 1122 est.

266 1137 313 1192 vel
325 1135 396 1189 inde
405 1138 552 1203 excerptas
562 1130 890 1214 GentilottiioperalQui
905 1138 999 1187 autem
1012 1133 1155 1189 luculento
1170 1137 1296 1216 exemplo
1314 1153 1376 1206 per-

267 1201 550 1272 varianteacuiquam
559 1200 726 1271 inspiciendi
734 1199 979 1271 eopia;speeturus
998 1207 1053 1271 est,
1076 1208 1212 1272 quantum
1230 1204 1378 1259 discrimen

268 1273 361 1342 fieret,
376 1271 464 1342 ipsius
477 1273 525 1350 Au
579 1269 678 1324 tissimi
690 1270 814 1340 Impera·
822 1272 1056 1372 ‹interutramque
1062 1272 1253 1327 condicionem
1259 1272 1368 1326 intersit

269 1343 338 1398 toris
352 1340 436 1396 venia
449 1346 479 1394 et
488 1340 536 1420 drp
549 1345 719 1418 omateopua
732 1343 815 1394 esset.
832 1339 857 1393 is
870 1340 953 1414 modo
968 1358 1031 1394 eam
1044 1345 1153 1410 partem
1166 1339 1232 1394 libri
1245 1313 1378 1396 XXXXi

265 1413 388 1481 Aliquot
410 1409 494 1464 annis
514 1407 668 1462 mteneetis
685 1407 815 1462 Inlustris
833 1409 1039 1464 emendandam
1048 1409 1101 1463 sibi
1111 1415 1211 1478 sumat,
1222 1427 1278 1480 qua
1288 1410 1377 1465 codex

268 1479 395 1534 blatchio
413 1476 510 1548 Scipio
528 1475 661 1544 blaffeus,
684 1477 733 1546 qui
749 1476 815 1531 binc
853 1476 1032 1549 ostGrynaei
1042 1484 1164 1534 aetatem
1177 1477 1323 1533 fraudatus
1334 1485 1378 1534 est

271 1547 421 1602 inltaliam
429 1545 815 1618 proticiscansVindobonam
831 1496 910 1618 finde
925 1564 943 1601 a
956 1547 1049 1602 lacero
1064 1548 1129 1601 libri
1143 1547 1222 1602 initio
1236 1565 1325 1617 usque
1339 1548 1378 1602 ad

269 1617 361 1684 adire,
386 1616 484 1684 ibique
501 1631 553 1684 per
572 1614 686 1685 aliquod
704 1621 814 1684 tempus
832 1616 919 1671 verba
928 1616 1013 1683 c.9§.
1023 1617 1056 1670 10
1071 1617 1121 1670 ‘ad
1130 1616 1156 1671 le
1179 1623 1262 1672 emet
1275 1616 1375 1689 edio'):

266 1685 373 1740 morari
395 1684 573 1750 decreverat,
634 1683 739 1738 llicitus
762 1689 813 1751 est,
832 1685 888 1739 iam
902 1684 1036 1753 inveniet,
1056 1692 1133 1740 recte
1179 1685 1242 1739 advi
1266 1685 1321 1739 'um
1334 1685 1376 1739 iu·

266 1755 337 1809 nibil
352 1771 385 1808 se
402 1753 546 1807 facturum
562 1769 592 1806 re
615 1753 671 1822 qui,
690 1753 765 1821 quod
778 1753 815 1807 ad
833 1754 941 1809 dicasse
957 1754 992 1808 dc
1007 1759 1067 1809 arte
1081 1754 1180 1808 critica
1193 1755 1231 1808 ad
1265 1771 1315 1808 aec
1329 1771 1375 1808 ca·

265 1825 303 1877 im
324 1821 477 1878 elrandam
498 1825 578 1876 tanto
599 1838 646 1876 ere
664 1821 815 1890 expetitam
832 1823 893 1892 pita
902 1823 1071 1891 adhibenda,
1087 1823 1134 1914 qui
1144 1823 1265 1895 (emend.
1275 1823 1337 1875 Liv.
1347 1841 1374 1893 p.

265 1910 298 1947 co
321 1891 373 1946 'cis
391 1889 507 1944 Liviani
528 1837 708 1944 collectionem
729 1888 814 1959 perti-
831 1890 895 1963 453)
910 1892 953 1944 ‘in
965 1891 999 1946 iis
1013 1892 1091 1960 locis,
1115 1892 1206 1961 inquit
1220 1891 1376 1960 ‘inquibus

264 1967 356 2016 neret
392 1959 501 2015 Verum
510 1973 595 2028 quum
604 1976 637 2013 ex
647 1975 681 2012 eo
690 1965 814 2027 tempore
832 1961 954 2030 suspicio
972 1961 1071 2029 oritur,
1090 1978 1195 2031 neque,
1214 1960 1376 2015 codicemne

264 2030 338 2084 nibil
347 2029 385 2083 de
395 2027 473 2081 omni
480 2027 535 2082 bac
544 2044 575 2082 re
585 2027 728 2096 audierim,
740 2045 814 2082 eam·
833 2046 870 2083 an
885 2028 1047 2099 Grynaeum
1062 2047 1178 2101 arguas,
1198 2029 1271 2083 scias
1284 2045 1376 2108 neque

265 2101 330 2154 dem
349 2097 438 2152 etiam
455 2094 510 2164 illi,
533 2112 617 2176 quam
636 2094 729 2150 Cortio
749 2096 814 2166 dixi,
833 2098 916 2152 certis
940 2097 1050 2152 indiciis
1069 2098 1293 2153 emendationem
1311 2097 1378 2150 diri·

265 2164 628 2233 difficultatemobstrtisse,
639 2163 724 2219 facile
733 2164 814 2220 intel·
832 2184 893 2238 gas.
933 2167 979 2220 lta
993 2165 1109 2221 difficile
1124 2172 1167 2222 est
1181 2166 1271 2236 ipsum
1284 2182 1376 2220 corre-

266 2235 564 2315 lexi3tandemqueme
573 2233 815 2324 boc'quoquevoto
832 2236 919 2291 ctioni
928 2234 1077 2304 confidere,
1092 2234 1208 2290 difficile
1218 2234 1281 2288 aliia
1290 2233 1376 2288 fidem

267 2305 553 2361 excidisseexammo
562 2302 648 2357 dolui.
832 2304 944 2359 facere)

302 2374 333 2428 Is
348 2369 730 2451 igitmcerteperspiciebat,
747 2371 815 2451 quid
867 2372 949 2427 Iurei
972 2371 1374 2450 itursuoI.Th.Kreyssigius,

269 2443 450 2512 philologum
469 2445 594 2494 criticam
615 2439 691 2493 L1v1i
716 2440 814 2495 editio·
831 2440 950 2495 Draken
989 2441 1066 2494 rcbio
1089 2441 1233 2510 aliquanto
1254 2439 1374 2508 felicior,

273 2527 343 2563 nem
358 2515 516 2577 paraturum
532 2509 660 2577 deceret,
682 2510 730 2589 qui
772 2514 816 2563 ost
832 2509 973 2579 Kopitarii
986 2509 1086 2562 horum
1099 2508 1233 2562 librorum
1247 2508 1375 2561 collatio-

275 2596 342 2633 eum
353 2581 382 2632 et
388 2593 442 2647 per
448 2575 580 2648 reliquum
588 2577 694 2632 saeculi
703 2578 733 2631 X
760 2577 813 2630 111.
833 2595 896 2632 nem
911 2595 945 2633 ex
959 2578 1020 2632 cod.
1035 2576 1248 2632 Vindobonensi
1258 2575 1312 2630 sibi
1325 2593 1375 2646 pa-

270 2655 386 2716 tempus
399 2651 429 2702 et
439 2644 549 2702 ineunte
563 2647 676 2701 saeculo
689 2646 770 2700 XIX.
785 2646 815 2699 in
831 2646 915 2715 ravit,
931 2663 992 2701 eam
1007 2645 1132 2716 quamvis
1146 2662 1276 2699 mancam
1290 2649 1375 2715 atquo

268 2717 353 2772 Livio
372 2715 480 2770 edendo
497 2732 612 2787 operam
630 2715 812 2783 collocarunt,
832 2716 1023 2786 imperfectam
1037 2720 1141 2784 quanto
1155 2731 1218 2768 cum
1231 2714 1325 2769 fructu
1339 2714 1376 2768 ad

267 2787 312 2840 his
322 2801 358 2840 ac
371 2783 475 2838 talibus
488 2784 573 2840 facile
587 2802 617 2839 se
631 2785 813 2854 supersedere
832 2784 1068 2838 librorumhorum
1077 2783 1375 2839 lectioncmstabilien·

266 2869 352 2925 posse
362 2852 492 2908 arbitrati
501 2859 573 2907 sunt
609 2853 669 2909 Nec
679 2853 769 2921 aliter,
784 2852 814 2906 ni
832 2854 897 2907 dam
908 2852 1259 2907 adhibueritnemonescit.
1277 2851 1376 2906 Pauca

266 2924 363 2989 fallor,
378 2921 516 3002 inquinta
525 2927 601 2976 certe
611 2922 728 2990 decade,
743 2923 767 2975 si
777 2922 814 2976 ad
832 2923 931 2977 eadem
950 2921 1101 2976 collatione
1120 2937 1185 2974 usus
1207 2920 1377 2990 paulopost

268 2992 420 3058 edendum,
429 2991 460 3045 id
469 2990 545 3060 quod
553 2990 728 3059 moliebatur,
738 2990 813 3044 Livi·
831 2991 897 3046 inde
924 2991 1060 3061 protraxit
1085 2989 1169 3110 inque
1192 3005 1273 3043 usum
1296 3005 1376 3042 suum

267 3079 315 3115 um
332 3059 513 3128 accessisset,
530 3076 590 3114 rem
609 3059 814 3113 administratu-
833 3060 969 3114 convertit
983 3059 1126 3112 Immanue
1146 3057 1303 3111 Bekkenrs.
1338 3056 1376 3109 Et

270 3127 618 3197 nmfuitG.L.Walchius,
630 3128 814 3197 quiinemen-
832 3129 969 3183 nonnulla
987 3126 1099 3196 quidem
1116 3124 1247 3179 secundis
1264 3124 1338 3178 curis
1358 3140 1375 3178 a

273 3198 433 3252 dationibus
455 3196 584 3250 Liuianis
610 3213 673 3251 cum
701 3197 737 3250 ad
764 3197 815 3250 hos
832 3196 950 3267 Kseyssi
972 3195 998 3248 io
1017 3193 1152 3249 excitatus
1191 3200 1271 3248 ostea
1287 3198 1375 3247 retra-

270 3267 446 3337 potissimum
480 3265 568 3319 libros
605 3265 815 3336 perlustrandos
833 3266 920 3320 atavit
962 3262 1109 3333 opitarius,
1125 3279 1154 3317 ae
1187 3278 1224 3316 ne
1236 3267 1302 3331 post
1315 3260 1376 3314 dev-

271 3335 443 3406 perveniret,
467 3334 537 3390 nafis
554 3333 655 3388 habuit
670 3334 700 3388 in
717 3334 816 3388 tabula
833 3341 912 3403 τέρας
935 3333 1048 3403 quidem
1070 3332 1122 3386 has
1145 3329 1294 3400 apostalice
1316 3330 1376 3385 eius

274 3421 362 3460 aenea
370 3421 451 3460 exem
473 3404 531 3457 lum
541 3403 655 3483 aliquod
661 3403 815 3473 scripturae
833 3403 891 3458 sive
900 3402 1011 3457 silentio
1025 3402 1082 3456 sive
1091 3398 1251 3455 testimonio
1260 3404 1321 3453 tuto
1335 3399 1377 3452 in·

273 3473 375 3528 codicis
383 3473 443 3529 Vin
463 3473 614 3527 obonefisrs
626 3478 728 3544 rogatu
736 3473 769 3526 F.
778 3474 814 3525 A.
834 3471 887 3527 niti
896 3472 970 3541 licet,
987 3467 1290 3549 deindevero'acc'edit,
1301 3467 1377 3589 quod

274 3541 370 3598 Wolfii
392 3558 412 3596 a
433 3541 533 3596 Barth.
556 3541 704 3611 Kopitario
722 3541 815 3596 confe-
833 3559 870 3596 ne
887 3546 946 3595 tum
982 3539 1077 3593 uidem
1094 3538 1140 3591 Ka
1162 3543 1283 3590 rtanana
1325 3551 1377 3591 aec

275 3619 346 3666 ctum
362 3609 514 3680 adiecisse,
528 3610 620 3680 ipsum
632 3616 728 3666 tamen
741 3609 815 3664 codi-
834 3610 928 3664 omnia
936 3627 974 3690 pu
994 3608 1041 3662 lici
1054 3607 1121 3660 iuris
1148 3610 1212 3660 aeta
1225 3609 1297 3673 aunt,
1313 3621 1377 3658 cum

275 3697 331 3735 cem
354 3685 490 3734 accurate
513 3685 642 3734 excutere
665 3680 692 3733 ei
714 3695 816 3748 operae
834 3678 1016 3759 Kreyssigius
1025 3675 1179 3731 editionum
1189 3691 1302 3754 suamm
1311 3672 1376 3726 sub-

276 3749 393 3818 pretium
406 3765 466 3802 non
476 3748 634 3803 videbatur.
664 3748 726 3801 Etsi
744 3747 817 3804 enim
835 3748 913 3801 sidirs
922 3746 1026 3801 criticis
1035 3744 1377 3810 omninocarentmmsup·

276 3825 336 3888 post
352 3817 471 3874 editoris
492 3816 627 3887 principis
648 3834 745 3871 curam
761 3833 818 3870 non
834 3816 1006 3887 plementum
1019 3813 1133 3883 aliquod
1147 3809 1377 3866 ederetldisenae

277 3887 415 3955 deessent,
435 3902 509 3955 quae
527 3901 602 3940 nova
619 3903 653 3940 ex
670 3902 703 3939 eo
722 3886 817 3940 codice
835 3901 910 3940 anno
922 3883 1016 3939 1849ss
1049 3881 1090 3935 At
1108 3881 1143 3936 de
1160 3880 1204 3934 bis
1220 3877 1304 3933 rebus
1318 3882 1377 3931 tam

277 3955 393 4024 proferri
432 3958 528 4009 ossent
545 3955 581 4009 ab
600 3971 646 4035 eo,
667 3955 727 4034 qui,
751 3954 818 4076 quid

278 4041 398 4094 quaeren
419 4029 560 4092 umesset,
575 4029 667 4090 semet,
682 4040 764 4094 singu
776 4039 817 4076 os·
862 4043 940 4083 snm.
959 4041 1008 4081 arv.
1027 4051 1049 4090 p.
1068 4041 1113 4080 aaa.
1140 4037 1239 4077 alterum
1257 4037 1376 4086 seriptum

278 4109 328 4162 que
347 4093 500 4147 literarum
518 4093 613 4173 apices
632 4091 766 4146 curiosius
783 4092 819 4144 ri.
837 4095 891 4157 cod.⁸
903 4095 1014 4156 specimen
1032 4090 1131 4153 exbibuit
1148 4088 1246 4128 Parlzlus
1263 4089 1284 4127 ln
1303 4086 1377 4127 tabula

277 4169 413 4232 mareau
426 4167 524 4216 tamen
538 4160 819 4241 octavarium
836 4138 1377 4242 illiueciuilialilibitanae:

276 4231 402 4302 ruptelis,
417 4230 504 4286 eliam
517 4231 572 4301 hie,
588 4247 698 4286 omnam
710 4247 769 4285 rem
784 4228 821 4282 ad
868 4249 1052 4289 saansaan„
1066 4243 1092 4283 aa
1101 4243 1125 4283 a.
1136 4243 1194 4283 arm
1209 4242 1274 4285 aas.
1287 4238 1376 4281 xxxxi
