3359 5092
351 540 414 608 108
554 546 674 604 LIBER
690 543 881 614 XXXXIIII,
901 544 925 598 1.
939 543 965 598 2.
984 542 1173 612 [auc-585]

348 712 512 798 legionum
538 728 648 772 secum
670 704 860 770 traiecturus
883 713 965 777 erat,
992 701 1204 767 Brundisium
1225 701 1359 788 pervenit

315 832 331 879 2
348 808 398 872 M.
407 803 565 891 Popillius
579 799 753 866 consularis
767 811 801 864 et
817 798 871 862 alii
888 798 958 885 pari
974 797 1140 863 nobilitate
1158 798 1360 864 adulescentes

349 901 471 966 tribuni
488 897 625 963 militum
641 896 677 960 in
692 893 922 959 Macedonicas
939 893 1083 979 legiones
1097 893 1263 959 consulem
1280 893 1365 959 secuti

315 1009 432 1067 esunt
475 1016 534 1080 per
555 1013 610 1057 eos
633 990 701 1055 dies
723 1000 756 1054 et
778 985 819 1053 C.
837 987 983 1053 Marcius
1004 987 1142 1074 Figulus
1160 999 1303 1074 praetor,
1324 988 1365 1053 cui

349 1090 458 1156 classis
475 1086 640 1174 provincia
656 1093 815 1158 evenerat,
828 1081 1041 1147 Brundisium
1058 1082 1157 1158 venit,
1175 1094 1209 1147 et
1227 1084 1319 1148 simul
1334 1105 1366 1148 ex

346 1184 442 1249 Italia
458 1180 593 1269 profecti
612 1176 788 1263 Corcyram
805 1177 906 1242 altero
924 1177 985 1252 die,
1004 1176 1098 1241 tertio
1113 1175 1260 1253 Actium,
1278 1177 1366 1242 Acar·

313 1280 461 1354 ruaniae
483 1287 628 1363 portum,
650 1285 831 1339 tenuerimt.
877 1271 952 1336 inde
975 1272 1086 1336 consul
1109 1272 1151 1336 ad
1169 1272 1365 1337 Ambraciam

348 1395 495 1461 egressus
522 1370 635 1435 itinero
661 1367 803 1434 terrestri
829 1368 910 1453 petit
930 1366 1145 1442 Thessaliam,
1172 1379 1301 1452 praetor
1324 1390 1365 1432 su·

347 1480 459 1556 perato
482 1467 628 1531 Leucata
650 1461 853 1529 Corinthium
880 1463 985 1527 sinum
1010 1463 1155 1528 invectus
1181 1474 1215 1528 et
1238 1462 1364 1530 cremae

347 1563 464 1628 relictis
491 1560 627 1626 navibus
654 1570 738 1623 terra
763 1569 795 1622 et
818 1557 888 1643 ipse
910 1580 968 1643 per
988 1558 1128 1622 mediam
1150 1557 1318 1624 Boeotiam
1331 1595 1364 1606 -

349 1656 412 1722 diei
439 1655 535 1721 unius
559 1653 708 1739 expedito
734 1652 795 1717 iter
818 1663 867 1717 est
888 1688 932 1698 —
959 1649 1147 1718 Chalcidem
1176 1654 1219 1717 ad
1246 1655 1363 1719 classen

314 1779 329 1825 5
349 1750 520 1816 contendit.
565 1758 670 1813 casua
692 1769 729 1812 eo
752 1757 896 1831 tempore
913 1746 956 1810 A„
975 1747 1134 1811 Hostilius
1159 1746 1192 1811 in
1210 1748 1362 1813 Thessalia

347 1846 431 1912 circa
448 1842 732 1929 Palaepharsalum
750 1838 905 1916 h'ahehat,
924 1841 1006 1905 sicut
1022 1841 1110 1905 nulla
1127 1864 1162 1906 re
1180 1842 1295 1907 bellica
1310 1864 1364 1907 me·

346 1938 493 2004 morahili
516 1946 623 2023 gesta,
649 1935 694 1999 ita
715 1933 757 1998 ad
779 1934 896 1998 iustam
918 1934 1088 1999 militarem
1110 1933 1311 2021 disciplinam
1332 1935 1362 2000 ah

347 2034 451 2099 effusa
475 2030 604 2096 licentia
628 2029 766 2093 formato
791 2027 892 2093 milite
916 2041 949 2094 et
974 2027 1068 2094 sociis
1095 2052 1170 2095 cum
1195 2030 1261 2096 fide
1286 2031 1363 2096 cultis

313 2139 380 2202 eet
397 2124 438 2191 ab
456 2125 544 2190 omui
566 2145 684 2210 genere
707 2122 841 2187 iniuriae
865 2121 1014 2188 defensis.
1059 2123 1169 2187 audito
1187 2124 1363 2191 successoris

347 2221 486 2286 adventu
510 2241 583 2283 cum
606 2240 709 2295 arma,
731 2216 831 2294 viros,
855 2239 956 2302 equos
978 2240 1053 2283 cum
1077 2240 1155 2283 cura
1177 2218 1363 2306 inspexisset,

314 2341 328 2387 r
347 2325 458 2382 omato
476 2314 616 2380 exercitu
633 2312 762 2377 obviam
774 2312 914 2380 venienti
931 2312 1053 2377 consuli
1070 2314 1238 2398 processit.
1268 2326 1298 2381 et
1313 2313 1364 2400 pri·

346 2434 418 2475 mus
436 2431 547 2476 eorum
570 2429 760 2493 congressus
779 2429 819 2471 ex
841 2406 996 2491 dignitate
1017 2408 1160 2493 ipsorum
1184 2430 1224 2473 ae
1242 2405 1364 2475 Romani

313 2504 498 2581 gnominis,
525 2501 609 2568 etin
630 2501 727 2566 rebus
744 2501 860 2565 deinde
882 2502 1032 2587 gerendis
1051 2499 1076 2588 [.
1087 2549 1095 2565 .
1106 2549 1114 2566 .
1126 2499 1162 2587 ..]
1208 2502 1364 2588 proconsul

313 2599 432 2670 oenim
458 2599 500 2663 ad
525 2596 699 2663 exercitum
726 2591 836 2681 [.....]
885 2596 996 2682 paucis
1022 2607 1097 2682 post
1125 2596 1242 2663 diebus
1269 2596 1363 2663 consul

296 2716 329 2765 ro
347 2694 526 2760 contionem
540 2703 617 2776 aput
633 2690 749 2755 milites
767 2690 894 2755 habuit.
922 2713 1012 2756 orsus
1027 2691 1069 2756 ab
1085 2691 1259 2777 parricidio
1267 2692 1363 2760 Persei

345 2798 526 2873 perpetrato
543 2786 577 2849 in
594 2785 740 2862 fratrem,
758 2785 898 2871 cogitato
915 2785 950 2850 in
967 2797 1149 2871 parentem,
1168 2788 1288 2854 adiecit
1304 2797 1362 2876 post

348 2882 467 2945 scelere
488 2890 616 2965 partum
633 2901 769 2964 regnum
787 2880 955 2958 veneficia,
979 2881 1109 2959 caedes,
1135 2882 1304 2949 latrocinio
1319 2903 1362 2947 ne·

347 2973 445 3039 fando
463 2973 599 3059 petitum
611 2972 790 3051 Eumenen,
807 2974 940 3039 iniurias
959 2974 993 3040 in
1010 2977 1164 3062 populum
1183 2978 1361 3052 Romanum,

347 3068 539 3155 direptiones
565 3067 724 3133 sociarum
749 3067 878 3133 urbium
905 3080 1015 3134 contra
1042 3069 1171 3147 foedus,
1205 3095 1245 3138 ea
1272 3070 1361 3138 omnia

347 3186 443 3249 quam
462 3164 522 3228 diis
540 3185 668 3248 quoquo
684 3162 788 3228 invisa
801 3174 908 3228 essent
927 3187 1096 3230 sensurum
1112 3165 1147 3230 in
1164 3167 1255 3233 exitu
1272 3187 1360 3234 rerum

297 3280 327 3327 11
347 3282 491 3324 suarum:
513 3258 622 3323 favere
645 3256 730 3321 enim
746 3257 857 3343 pietati
875 3257 1014 3342 fideique
1033 3258 1125 3337 deos,
1143 3283 1202 3345 per
1219 3283 1302 3345 quae
1317 3281 1360 3347 po·
1383 3283 1386 3292 ’

297 3373 329 3420 12
346 3349 441 3439 pulus
459 3355 624 3418 Romanus
642 3352 683 3417 ad
700 3364 824 3417 tantum
841 3353 967 3440 fastigii
983 3354 1115 3420 venerit.
1159 3356 1244 3423 vires
1264 3355 1359 3423 deiude

346 3448 457 3532 populi
475 3447 629 3523 Romani,
652 3446 716 3511 iam
733 3458 890 3512 terrarum
910 3448 1020 3515 orbem
1038 3449 1281 3535 conplectentis,
1303 3470 1358 3516 cun

346 3540 467 3605 viribus
476 3540 698 3617 Macedoniae,
714 3541 871 3607 exercitus
888 3564 961 3607 cum
971 3544 1162 3609 exercitibus
1177 3544 1357 3633 conparavit:

347 3644 465 3717 quanto
483 3634 618 3699 maiores
636 3634 778 3722 Philippi
787 3635 1007 3722 Antiochique
1025 3660 1101 3724 opes
1118 3661 1184 3702 non
1202 3639 1357 3705 maioribus

348 3728 447 3812 copiis
464 3727 582 3793 fractas
600 3752 679 3794 esse.
1382 3809 1385 3816 Ι

315 3843 328 3889 1
412 3821 457 3885 Π.
485 3822 591 3886 Huius
609 3822 736 3909 generis
755 3824 976 3891 adhortatione
994 3827 1135 3892 accensis
1153 3826 1291 3893 militum
1307 3823 1359 3891 aui·

346 3916 417 3992 mis,
436 3918 615 3983 consultare
633 3918 672 3983 de
691 3941 815 3984 summa
831 3920 963 4007 gerendi
986 3920 1062 3985 belli
1078 3921 1191 4006 coepit.
1228 3945 1267 3987 eo
1285 3933 1314 3988 et
1330 3916 1358 3984 C·

313 4031 328 4079 2
346 4010 490 4077 Marcius
507 4023 635 4098 praetor
652 4036 671 4077 a
687 4009 840 4080 Chalcide
859 4016 960 4081 classe
977 4025 1108 4101 accepta
1126 4015 1224 4080 venit.
1255 4012 1359 4102 placuit

345 4128 411 4171 non
428 4108 512 4172 ultra
536 4108 690 4172 morando
712 4107 747 4171 in
763 4107 932 4175 Thessalia
949 4122 1075 4196 tempus
1092 4120 1209 4188 terere,
1233 4112 1290 4176 sed
1305 4129 1359 4174 mo

346 4223 420 4265 vere
438 4201 596 4288 extemplo
615 4211 718 4266 castm
735 4212 833 4286 atque
850 4203 926 4269 inde
942 4226 1077 4291 pergere
1093 4203 1128 4269 in
1144 4204 1359 4272 Macedoniam

313 4304 379 4358 eet
403 4308 582 4379 praetorem
608 4294 684 4360 dare
711 4317 857 4381 operam,
888 4308 925 4363 ut
953 4299 1066 4365 eodem
1092 4309 1236 4386 tempore
1262 4298 1360 4366 classis
