3359 5092
324 519 368 587 28
427 529 545 589 LIBER
560 528 759 600 xxxxl‚28.
778 527 978 600 xxxxn,1.
997 527 1254 601 [ancwin]
1335 557 1338 561 ·

324 690 406 758 uicis
423 689 637 774 quadriduum
655 686 754 755 dedit.
785 687 896 773 magni
913 697 1022 753 tamen
1041 685 1141 775 [tum]
1159 688 1302 755 muneris
1319 710 1349 756 ea

326 809 452 853 summa
469 786 543 861 fuit,
565 797 602 849 ut
623 806 681 871 per
697 783 839 848 triduum
857 794 1008 867 quattuor
1025 794 1057 849 et
1080 785 1287 871 septuaginta
1302 783 1349 849 ho-

327 882 428 948 miues
445 880 628 968 pugnarint.

586 1220 795 1292 [ensrocua
810 1221 920 1277 uteru
935 1221 1102 1287 xxxma

379 1360 427 1429 [Q.
440 1360 556 1415 Fulvius
573 1359 694 1414 Flaccus
708 1375 807 1414 censor
820 1360 955 1429 templum
972 1359 1087 1414 Iunonis
1101 1358 1241 1416 Laciniae
1258 1358 1350 1431 tegulis

326 1440 488 1496 marmoreis
497 1438 636 1509 spoliavit,
655 1444 688 1492 ut
696 1438 795 1493 aedem
805 1454 889 1509 quam
898 1437 1082 1494 dedicaverat
1090 1443 1211 1510 tegeret.
1248 1437 1350 1510 tegulae

328 1536 362 1574 ex
375 1522 489 1573 senatus
503 1515 630 1571 consrdto
643 1521 814 1585 reportatas.
848 1515 989 1571 Eumenes
1002 1516 1089 1572 Asiae
1103 1534 1153 1572 rex
1165 1516 1197 1570 in
1211 1514 1351 1572 senatuis

327 1596 432 1651 Perseo
444 1592 629 1649 Macedoniae
647 1609 715 1665 rege
734 1598 849 1663 questus
867 1598 924 1663 est,
943 1593 1023 1647 cuius
1040 1593 1160 1649 iniuriae
1177 1594 1210 1648 in
1227 1592 1352 1665 populum

327 1670 485 1726 Romanum
492 1669 660 1725 referuntur.
697 1669 733 1723 ob
744 1686 814 1740 quas
822 1670 900 1725 bello
911 1670 939 1725 ei
947 1670 1053 1725 indicto
1062 1669 1096 1725 P.
1105 1669 1236 1725 Licinius
1246 1669 1352 1727 Crassus

329 1747 439 1816 consul,
463 1747 508 1802 cui
524 1746 687 1800 mandatum
705 1753 780 1815 erat,
803 1747 834 1800 in
851 1746 1049 1802 Macedoniam
1065 1747 1180 1801 transiit
1197 1747 1354 1818 levibusque

329 1824 562 1896 expeditionibus,
582 1824 758 1894 equestribus
766 1824 890 1895 proeliis,
908 1824 1173 1880 inThessaliacum
1181 1824 1353 1895 Perseo[ps·

327 1902 489 1969 rumfelici]
504 1907 607 1957 eventu
618 1901 764 1973 pugnavit.
799 1901 874 1958 inter
882 1900 1061 1957 Masinissam
1074 1907 1104 1958 et
1112 1901 1355 1975 carthaginienses

330 1982 365 2036 de
377 1996 445 2053 agro
454 1980 509 2034 fuit
518 1980 588 2049 [lis]
616 1979 677 2035 dies
690 1980 731 2036 sis
741 1980 777 2035 ad
788 1980 1137 2051 disceptandumasenatu
1152 1982 1249 2036 datus.
1277 1979 1357 2054 legati

329 2057 406 2111 missi
416 2057 453 2111 ad
462 2056 552 2112 socias
561 2056 689 2112 civitates
697 2074 836 2129 regesque
845 2057 996 2129 rogandos,
1010 2056 1144 2113 utinfide
1153 2061 1357 2129 permanerent.

330 2133 523 2189 dubitantibus
534 2132 653 2188 Rhodis.
688 2133 807 2188 lustrum
826 2152 844 2189 a
862 2133 1024 2190 censoribus
1043 2134 1188 2190 conditum
1201 2140 1262 2206 est3
1279 2150 1358 2191 censa

329 2216 396 2266 sunt
404 2212 504 2267 urium
512 2212 608 2282 capita
617 2211 738 2267 ducenta
747 2212 896 2283 sexaginta
905 2217 1013 2283 septem
1021 2213 1100 2267 milia
1110 2213 1237 2268 ducenta
1245 2211 1358 2285 triginta

329 2307 425 2344 unum.
459 2306 504 2345 res
517 2294 666 2361 praeterea
679 2289 812 2346 adversus
826 2289 927 2346 Corsos
941 2296 971 2347 et
983 2290 1104 2362 Ligures
1116 2307 1255 2362 prospers
1269 2297 1357 2363 gestas

330 2368 477 2435 continet]

761 2518 928 2529 ———

683 2654 825 2735 ΤΙΤΙ
852 2654 1002 2736 LIVI

613 2794 673 2853 AB
700 2794 825 2855 vnsn
853 2793 1076 2857 counrna

703 2992 820 3048 LIBER
837 2993 992 3049 XXXXH.

298 3171 312 3220 1
394 3150 422 3217 Ι.
449 3151 490 3218 L.
509 3151 696 3218 Postumius
713 3151 869 3228 Albinus,
891 3150 941 3215 M.
959 3150 1117 3237 Popillius
1134 3151 1268 3217 Laenas
1291 3174 1359 3217 cum

330 3248 474 3314 omnium
490 3248 630 3335 primum
648 3246 688 3313 de
710 3246 870 3332 provincis
889 3257 922 3311 et
946 3245 1138 3311 exercitibus
1156 3246 1199 3311 ad
1217 3258 1359 3313 senatum

297 3360 313 3409 2
331 3342 534 3420 rettulissent,
553 3341 692 3428 Ligures
710 3341 837 3425 utrique
852 3340 972 3405 decreti
989 3352 1074 3418 sunt,
1092 3352 1129 3406 ut
1143 3363 1244 3407 novas
1258 3341 1357 3415 ambo,

332 3436 448 3521 quibus
467 3458 537 3501 eam
554 3436 751 3523 provinciam
764 3435 952 3511 obtinerent,
970 3435 1112 3522 legiones
1127 3436 1283 3504 -binae
1301 3435 1358 3503 sin·

332 3530 417 3617 gulis
440 3529 586 3597 decretae
602 3541 697 3596 —et
723 3530 845 3595 socidm
865 3529 977 3595 Latini
1002 3531 1140 3596 nominis
1167 3531 1251 3597 dena
1277 3532 1357 3597 milia

331 3625 477 3711 peditum
494 3635 527 3689 et
544 3646 691 3690 sescenos
708 3624 841 3709 equites,
860 3636 893 3689 et
910 3624 1168 3712 supplementum
1185 3625 1357 3714 Hispaniae

332 3719 393 3785 tria
418 3719 507 3783 milia
531 3719 676 3806 peditum
702 3720 922 3785 Romanorum
949 3720 1123 3786 scriberent
1149 3732 1181 3787 et
1209 3723 1356 3790 ducentos

298 3830 315 3880 t
334 3814 466 3898 equites.
512 3814 554 3877 ad
571 3813 632 3880 hoc
648 3813 735 3879 mille
752 3825 785 3879 et
806 3814 974 3900 quingenti
991 3815 1114 3901 pedites
1132 3813 1273 3883 Romani
1291 3837 1356 3883 oum

333 3918 461 3974 centum
483 3908 643 3992 equitibus
666 3909 762 3974 scribi
783 3907 877 3986 iussi,
904 3930 979 3975 cum
1001 3910 1118 3994 quibus
1142 3922 1286 3997 praetor,
1312 3907 1356 3976 oui

333 4000 483 4069 Sardinia
500 4003 681 4088 obtigisset,
698 4002 733 4067 in
748 4000 912 4069 Corsicam
932 4015 1149 4091 transgressus
1168 4006 1290 4072 bellum
1306 4027 1355 4092 ge·

298 4108 429 4165 areret:
452 4097 580 4163 interim
596 4098 646 4163 M.
665 4098 784 4164 Atilius
801 4109 894 4165 vetus
916 4111 1044 4186 praetor
1065 4100 1265 4185 provinciam
1282 4100 1356 4166 obti-

291 4199 294 4204 “
333 4203 423 4257 neret
440 4190 630 4259 Sardiniam.
658 4205 819 4280 praetores
834 4193 949 4260 deinde
967 4194 1146 4280 provincias
1162 4197 1266 4262 sortiti
1280 4208 1356 4270 suut,

299 4308 315 4357 o
333 4288 376 4353 A.
398 4288 517 4356 Atilius
537 4289 693 4357 Serranus
717 4291 889 4367 urbanam,
916 4286 956 4355 Ο.
977 4288 1112 4358 Cluvius
1135 4290 1262 4361 Saxula
1284 4293 1358 4360 inter
