3359 5092
492 538 712 596 Puulocflau
729 538 934 596 LIBRORUM
951 537 1134 595 Lv-LVII.
1261 526 1326 591 203

298 676 538 749 proficisceretur,
562 676 664 731 accidit
686 683 765 743 [vox]
789 680 898 745 ‘mane,
917 675 1067 731 Mancine'.
1131 695 1183 733 uae
1202 676 1327 748 auspicia

301 746 394 801 tristia
409 744 496 800 fuisse
510 752 611 801 eventu
623 746 773 815 probatum
786 751 837 800 est.
865 752 894 800 et
904 745 991 800 victm
1001 745 1075 799 enim
1085 762 1102 799 a
1111 695 1290 802 Numantinis
1299 752 1328 801 et

303 814 405 874 castris
415 819 527 883 exuuio,
538 831 601 868 cum
611 831 675 884 spes
684 815 762 868 nulla
771 814 900 869 servandi
910 814 1046 869 exercitus
1056 820 1142 883 esset,
1152 832 1256 895 pacem
1265 831 1328 869 cum

300 885 341 940 eis
355 882 428 938 fecit
441 881 667 962 ignominiosam,
682 900 766 953 quam
779 888 870 937 ratam
883 899 944 937 esse
959 888 1072 937 senatus
1085 889 1181 938 vetuit.
1208 884 1327 953 quadra-

300 954 384 1025 ginta
400 950 481 1005 miha
493 950 681 1006 Romanorum
695 969 712 1006 a
725 952 958 1007 Numantinorum
975 951 1087 1005 milibus
1106 957 1237 1031 quattuor
1253 952 1328 1007 vieta

301 1025 391 1081 erant.
417 1020 489 1074 Dec.
499 1019 595 1073 Iunius
609 1018 784 1074 Lusitaniam
799 1019 1052 1091 expugnationibus
1066 1020 1176 1075 urbium
1188 1038 1276 1090 usque
1291 1021 1329 1075 ad

301 1088 447 1146 Oceanum
459 1088 628 1159 perdomuit,
645 1094 673 1143 et
687 1106 750 1143 cum
762 1089 876 1143 fluvium
891 1086 1065 1144 Oblivionem
1078 1088 1195 1143 transire
1210 1088 1327 1156 nollent,

299 1163 414 1228 raptum
427 1156 561 1228 signifero
575 1156 598 1209 si
640 1175 685 1211 um
699 1157 758 1227 ipse
772 1156 915 1212 transtulit
928 1161 958 1212 et
971 1157 1010 1211 sic
1023 1162 1055 1210 ut
1067 1158 1330 1229 transgrederentur

301 1225 451 1348 persuasit
472 1224 595 1279 Alexan
628 1225 638 1279 i
654 1225 738 1294 filius,
756 1243 805 1281 rex
823 1224 937 1297 Syriae,
957 1226 1054 1281 decem
1072 1243 1161 1280 annos
1180 1224 1328 1280 admodum

321 1294 424 1362 abens,
440 1292 602 1362 aDiodoto,
618 1294 666 1364 qui
675 1294 810 1364 Tryphon
820 1293 1083 1365 cognominabatur,
1099 1300 1190 1349 tutore
1201 1311 1264 1362 suo,
1279 1311 1330 1364 per

301 1362 431 1419 fraudem
445 1362 552 1416 occisus
562 1368 605 1417 est
614 1362 749 1432 corruptis
759 1362 888 1431 medicis,
903 1362 951 1432 qui
960 1362 1039 1416 illum
1048 1363 1149 1418 calculi
1159 1363 1254 1417 dolore
1264 1380 1328 1417 con-

302 1432 373 1486 sumi
383 1431 420 1485 ad
428 1429 564 1500 populum
572 1430 690 1502 mentiti,
701 1432 766 1485 dum
776 1437 881 1498 secant,
892 1430 1062 1487 occiderunt.
1156 1468 1160 1473 -

733 1512 905 1552 uxumuvr.

353 1567 491 1622 Decimus
499 1566 597 1621 Iunius
605 1568 709 1622 Brutus
722 1569 752 1621 in
766 1568 905 1638 Hispania
918 1567 1049 1623 ulteriore
1062 1567 1183 1623 feliciter
1197 1568 1328 1624 adversus

303 1636 457 1692 Gallaecos
465 1653 504 1705 pu
545 1637 610 1690 avit.
636 1636 763 1691 dissimili
773 1642 875 1692 eventu
883 1636 922 1689 M.
932 1636 1068 1692 Aemilius
1078 1636 1203 1707 Lepidus
1212 1653 1329 1707 procon-

303 1706 346 1758 sul
360 1704 495 1763 adversus
533 1721 648 1767 accaeos
661 1723 719 1760 rem
733 1706 821 1777 gessit
835 1704 1000 1776 clademque
1014 1704 1131 1759 similem
1141 1705 1329 1762 Numantinae

323 1790 403 1827 assus
417 1779 469 1827 est.
496 1772 533 1828 ad
543 1774 738 1829 exsolvendum
746 1773 868 1829 foederis
877 1773 1042 1830 Numantini
1051 1773 1187 1845 religione
1196 1774 1330 1845 populum

302 1792 461 1911 liancinus,
472 1858 535 1895 cum
543 1841 625 1896 huius
632 1843 674 1898 rei
683 1847 782 1897 auctor
789 1842 901 1922 diisset,
917 1842 1027 1897 deditus
1036 1841 1213 1898 Numantinis
1222 1860 1278 1896 non
1287 1847 1330 1897 est

303 1916 442 1981 receptus.
469 1910 586 1964 lustrum
604 1928 621 1965 a
637 1911 800 1967 censoribus
818 1911 960 1966 conditum
978 1916 1032 1967 est:
1052 1928 1137 1966 censa
1150 1917 1215 1966 sunt
1228 1911 1329 1965 civium

303 1978 1202 2120 {latitatttttlthtdtrutttutigttth
1213 1980 1330 2104 pilli?-

304 2114 466 2170 in'I'hracia
476 2132 539 2169 cum
549 2114 700 2171 Scordiscis
704 2133 843 2197 prospere
851 2116 997 2188 pugnavit.
1020 2118 1196 2172 cumbellum
1233 2135 1329 2171 uman-

304 2186 392 2237 tinum
410 2184 477 2237 vitio
497 2184 597 2238 ducum
614 2202 671 2238 non
689 2202 748 2240 sine
766 2185 873 2255 pudore
889 2185 1002 2256 publico
1021 2186 1148 2254 duraret,
1163 2186 1273 2240 delatus
1287 2192 1330 2240 est

304 2254 376 2306 ultro
391 2250 515 2322 Scipioni
527 2252 662 2307 Africano
680 2270 698 2307 a
715 2258 816 2309 senatu
832 2254 992 2324 populoque
1010 2253 1137 2308 Romano
1155 2254 1329 2322 consulatus;

304 2338 387 2391 quem
405 2338 469 2375 cum
486 2321 528 2374 illi
545 2338 645 2391 capere
659 2321 696 2376 ob
708 2323 815 2394 legem,
834 2339 907 2392 quae
920 2323 1035 2377 vetabat
1048 2339 1215 2401 quemquam
1229 2323 1330 2377 iterum

304 2389 448 2444 consulem
467 2388 541 2459 fieri,
560 2407 616 2444 non
629 2390 738 2460 liceret,
754 2392 826 2446 sicut
838 2389 925 2460 priori
938 2390 1085 2446 consulatu
1098 2391 1208 2461 legibus
1223 2390 1329 2444 solutus

304 2464 354 2513 est.
380 2457 487 2512 bellum
502 2458 600 2513 servile
613 2459 643 2513 in
653 2458 750 2514 Sicilia
764 2464 854 2513 ortum
863 2476 926 2513 cum
936 2476 972 2529 op
992 2460 1054 2513 rimi
1064 2476 1081 2513 a
1089 2458 1264 2528 praetoribus
1273 2475 1330 2512 non

340 2526 454 2595 miscet,
465 2526 496 2581 C.
505 2526 604 2582 Fulvio
615 2528 722 2582 consuli
729 2528 892 2582 mandatum
902 2535 952 2582 est.
998 2528 1061 2583 uius
1073 2526 1141 2582 belli
1155 2526 1264 2580 initium
1276 2526 1331 2581 fuit

329 2612 401 2650 unus
419 2612 527 2664 servus,
545 2596 658 2651 natione
673 2595 759 2667 Syrus
760 2637 773 2677 ,
792 2596 840 2667 qui
859 2602 1005 2651 contracta
1023 2596 1175 2667 agrestium
1189 2612 1330 2650 servorum

304 2681 390 2718 manu
399 2669 428 2718 et
436 2664 535 2717 solutis
545 2664 693 2736 ergastulis
702 2666 769 2721 iusti
776 2664 913 2720 exercitus
922 2682 1066 2720 numerum
1080 2663 1215 2735 implerit.
1242 2663 1331 2719 Cleon

304 2732 1331 2874 recutite“satieitatttdttitetfftzlfflttiie‘

391 2929 401 2939 '
728 2941 768 2983 nx
776 2942 833 2983 um.
842 2942 911 2982 nvn.

355 3005 451 3078 Scipio
469 3005 619 3062 Africanus
636 3008 816 3064 Numantiam
838 3007 961 3076 obsedit,
985 3013 1014 3062 et
1035 3013 1195 3088 corruptum
1217 3006 1331 3062 licentia

305 3074 470 3145 luxuriaque
489 3076 638 3131 exercitum
656 3078 692 3131 ad
711 3077 913 3132 severissimam
929 3076 1046 3131 militiae
1065 3076 1241 3146 discrplinam
1254 3093 1330 3131 revo-

305 3144 387 3199 carit.
412 3144 506 3198 omnia
514 3145 677 3199 deliciarum
686 3145 870 3201 iustrumenta
878 3145 990 3215 recidit,
1001 3146 1056 3199 duo
1065 3144 1143 3198 milia
1152 3149 1332 3198 scortoruma

304 3212 405 3267 castris
423 3212 518 3280 eiecit,
536 3213 653 3269 militem
670 3214 772 3268 cotidie
789 3214 820 3269 in
834 3230 918 3285 opere
931 3213 1031 3268 habuit
1044 3218 1073 3268 et
1089 3212 1207 3284 triginta
1224 3211 1332 3266 dierum

305 3280 475 3338 frumentum
489 3282 526 3335 ad
539 3287 670 3352 septenos
682 3283 771 3337 vallos
784 3282 857 3337 ferre
871 3299 904 3337 co
925 3281 1000 3337 ebat.
1027 3298 1112 3361 aegre
1129 3297 1180 3351 pro
1202 3285 1245 3335 ter
1263 3295 1331 3334 onus

305 3350 448 3429 incedenti
467 3350 591 3419 dicebat,
612 3353 687 3405 ‘cum
709 3351 805 3423 gladio
827 3356 856 3406 te
874 3301 980 3405 vallare
1002 3350 1109 3430 sciens,
1132 3298 1237 3403 vallirm
1258 3348 1331 3404 ferre

305 3417 453 3487 desimto',
473 3418 511 3472 ali
523 3423 631 3473 scutum
643 3437 743 3490 parum
755 3418 1008 3488 habiliterferenti,
1024 3419 1141 3488 amphus
1152 3435 1215 3473 eum
1224 3422 1332 3472 scutum

305 3486 378 3540 iusto
392 3485 481 3555 ferre,
494 3504 584 3558 neque
598 3487 628 3542 id
641 3506 671 3543 se
684 3506 714 3542 re
735 3488 896 3556 rehendere,
911 3487 1022 3557 quando
1039 3487 1138 3542 melius
1155 3492 1234 3541 scuto
1249 3503 1333 3557 quam

304 3555 404 3626 gladio
417 3560 553 3609 uteretur.¹
585 3573 667 3626 quem
730 3556 796 3612 item
811 3563 889 3612 extra
901 3557 1026 3610 ordinem
1036 3555 1228 3626 deprehendit,
1243 3556 1331 3610 siRc-

304 3641 407 3682 manus
421 3629 503 3693 esset,
517 3623 630 3693 ritibus,
645 3626 668 3678 si
682 3631 841 3693 extraneus,
855 3625 940 3697 virgis
954 3624 1063 3679 cecidit.
1089 3624 1215 3679 iumenta
1228 3625 1330 3693 omnia,

303 3710 340 3750 ne
368 3698 553 3748 exonerarent
577 3694 707 3763 militem,
733 3694 868 3749 vendidit.
908 3710 992 3764 saepe
1020 3693 1151 3747 adversus
1173 3693 1332 3750 erutiones

304 3761 429 3816 bostium
438 3760 559 3817 feliciter
570 3762 715 3833 pugnavit.
741 3761 867 3818 Vaccaei
875 3760 989 3831 obsessi,
999 3761 1095 3816 liberis
1110 3711 1332 3841 coniugilusque

303 3828 469 3896 trucidatis,
483 3830 537 3900 ipsi
548 3848 578 3885 se
591 3831 799 3886 interemerunt.
827 3830 873 3886 Sci
893 3829 920 3884 io
930 3830 1100 3911 amplissima
1117 3848 1233 3887 munera
1243 3847 1332 3884 mrssa
1418 3846 1423 3854 ··

302 3898 359 3954 sibi
368 3897 407 3953 ab
417 3897 557 3953 Antiocho
566 3916 633 3971 rege
643 3897 755 3970 Syriae,
766 3917 827 3954 cum
838 3849 930 3954 celius
941 3899 1003 3953 alirs
1012 3900 1225 3970 rmperatoribus
1233 3914 1332 3969 regum

304 3982 424 4027 munera
432 3981 493 4020 mos
503 3972 585 4037 esset,
614 3984 645 4021 ro
654 3967 786 4022 tribunali
797 3973 975 4038 accepturum
985 3985 1014 4021 se
1025 3985 1085 4023 esse
1096 3968 1173 4037 dixit,
1183 3966 1331 4045 omniaque

303 4052 339 4090 ea
375 4040 537 4090 uaestorem
553 4053 584 4092 re
597 4054 658 4092 erre
675 4036 705 4090 in
720 4036 848 4107 publicas
864 4036 976 4091 tabulas
994 4036 1087 4090 iussit:
1105 4053 1139 4089 ex
1156 4036 1199 4089 his
1217 4050 1246 4087 se
1264 4049 1331 4086 vms

302 4104 370 4158 iortr
392 4120 426 4156 us
440 4102 515 4159 dona
532 4121 591 4160 esse
609 4105 747 4160 daturum.
774 4122 837 4160 cum
854 4104 977 4175 undique
991 4104 1170 4160 Numantiam
1187 4099 1331 4156 obsidione

301 4171 456 4230 'clausisset
472 4176 502 4227 et
514 4172 640 4228 obsessos
653 4173 728 4228 fame
740 4174 849 4229 videret
860 4174 967 4245 urgeri,
982 4175 1089 4239 hostes,
1104 4170 1151 4240 qui
1165 4169 1332 4238 pabulatum

302 4241 446 4308 exierant,
460 4239 550 4295 vetuit
562 4242 666 4324 occidi,
680 4242 754 4364 quod
768 4242 874 4297 diceret
882 4242 1005 4298 velocius
1014 4259 1061 4296 eos
1072 4240 1264 4309 absumpturos
1273 4236 1331 4291 fru-

302 4310 393 4372 menti
403 4308 481 4381 quod
489 4308 633 4383 haberent,
644 4328 695 4382 srp
706 4328 769 4367 ures
777 4310 904 4366 fuissent
