3359 5092
502 527 622 584 ιιιιιι
637 527 781 599 xxm,
800 528 842 584 ιι.
857 529 898 584 ιι.
918 528 1141 601 [acuens]
1297 519 1339 587 1⁷

306 682 403 751 simul
422 686 570 770 partibus
588 685 694 751 subire
711 684 744 750 in
759 686 910 751 adversos
924 697 1047 753 montes
1061 690 1175 776 coepit.
1202 713 1241 757 ea
1252 713 1338 777 pars,

305 780 339 844 in
355 800 425 862 qua
441 779 513 864 ipse
531 790 608 856 erat,
626 779 751 865 inpigre
769 780 975 857 succedebat3
993 781 1127 847 alteram
1144 783 1251 850 hostes
1264 807 1338 851 cum

307 874 540 960 propulissent,
565 885 603 938 ut
618 873 800 939 restitueret
815 896 885 939 rem
901 874 1101 954 inclinatam,
1127 880 1238 944 consul
1255 900 1339 964 equo

307 967 463 1033 advectus
481 989 558 1033 suos
575 967 706 1051 quidem
724 990 743 1032 a
760 966 840 1054 fuga
857 970 1030 1047 revocavit,
1046 970 1115 1057 ipse
1133 972 1211 1037 dum
1228 973 1339 1039 incau-

305 1061 369 1127 tius
386 1072 466 1127 ante
483 1060 577 1148 signa
593 1062 795 1139 obversatur,
813 1062 926 1128 missili
944 1064 1093 1130 traiectus
1111 1066 1234 1131 cecidit.
1278 1091 1338 1134 nec
1358 1087 1389 1136 ιι

302 1156 413 1222 hostes
440 1156 557 1221 ducem
578 1156 718 1221 occisum
740 1169 921 1234 senserunt,
948 1169 981 1222 et
997 1180 1127 1224 suorum
1144 1162 1255 1246 pauci,
1280 1164 1336 1247 qui

303 1250 471 1327 viderant,
492 1249 581 1314 baud
602 1250 821 1335 neclegenter,
843 1251 953 1334 utqui
968 1251 1003 1315 in
1020 1273 1059 1317 eo
1076 1253 1241 1320 victoriam
1258 1257 1339 1322 verti

305 1344 437 1422 scirent,
457 1366 573 1429 corpus
591 1343 800 1409 occultavere.
829 1344 892 1409 alia
905 1345 1075 1410 multitudo
1092 1348 1236 1434 peditum
1250 1349 1338 1434 equi-
1358 1366 1390 1414 13

306 1451 443 1522 tumque
462 1437 639 1503 deturbatis
656 1438 802 1502 hostibus
819 1438 936 1504 montis
953 1439 1021 1505 sine
1039 1440 1121 1507 duce
1139 1464 1261 1528 cepere.
1297 1444 1340 1509 ad

308 1532 452 1617 quinque
467 1531 558 1597 milia
578 1530 739 1617 Ligurum
757 1531 863 1597 occisa
868 1557 877 1610 ;
895 1555 935 1597 ex
950 1532 1097 1602 Romano
1115 1537 1256 1602 exercitu
1274 1537 1339 1603 duo

309 1638 337 1691 et
353 1626 595 1712 quinquaginta
611 1625 803 1691 ceciderunt.
849 1649 945 1713 super
962 1639 1026 1693 tam
1045 1629 1223 1696 evidentem
1241 1632 1339 1697 tristis
1358 1650 1391 1697 14

311 1722 422 1787 ominis
446 1733 599 1787 eventum
620 1719 716 1788 etiam
738 1745 780 1787 ex
801 1721 937 1807 pullario
959 1722 1147 1802 auditumst,
1172 1726 1285 1790 vitium
1305 1726 1339 1791 in

312 1814 453 1901 auspicio
471 1814 582 1891 fuisse,
598 1837 658 1881 nec
675 1814 709 1880 id
727 1816 892 1881 consulem
909 1816 1084 1903 ignorasse.
1130 1817 1169 1884 O.
1188 1820 1338 1886 Valerius
1358 1836 1389 1884 ιι

311 1911 417 1974 audita

671 2004 689 2038 ὖ
819 2005 837 2038 Ι
967 2005 985 2038 Ι

312 2095 417 2185 [periti
433 2093 629 2183 religionum
646 2096 789 2183 iurisque
806 2097 942 2184 publici,
960 2100 1089 2181 quando
1106 2098 1170 2164 duo
1188 2099 1339 2165 ordinarii
1358 2117 1389 2164 ιι

312 2194 457 2259 consules
474 2191 546 2258 eius
562 2191 649 2270 anni,
667 2193 747 2258 alter
762 2193 886 2272 morbo,
904 2195 985 2259 alter
1000 2193 1086 2259 ferro
1098 2194 1253 2280 periisset,
1272 2194 1339 2261 suf-

311 2288 429 2354 fectum
447 2285 615 2354 consulem
631 2288 793 2375 negabant
809 2300 896 2355 recte
914 2288 1041 2353 comitia
1058 2288 1176 2354 babere
1193 2286 1303 2375 posse]

819 2392 837 2426 ὖ
967 2392 985 2425 Ι

430 2476 574 2543 deduxit

313 2475 330 2563 l
380 2475 529 2636 lirun,
557 2566 614 2633 Cis
631 2568 840 2656 Apenninum
858 2566 974 2635 Garuli
991 2579 1024 2634 et
1040 2568 1188 2655 Lapicini
1205 2580 1238 2634 et
1254 2569 1372 2634 Her-1

317 2674 418 2747 gates,
435 2673 519 2728 trans
529 2661 737 2747 Apenninum
752 2663 913 2728 Briniates
931 2663 1058 2728 fuerant
1074 2663 1158 2728 intra
1166 2663 1338 2730 Audenam

314 2778 449 2822 amnem.
491 2756 532 2820 P.
550 2755 682 2821 Mucius
700 2778 773 2821 cum
789 2760 827 2835 is,
847 2757 903 2842 qui
919 2755 1049 2822 Lunam
1066 2756 1224 2842 Pisasque
1242 2758 1340 2843 depo·

311 2849 413 2938 pnlati
430 2859 533 2927 erant,
550 2849 670 2914 bellum
688 2850 797 2937 gessit,
815 2851 1026 2935 omnibusque
1042 2851 1077 2915 in
1092 2851 1251 2917 dicionem
1266 2852 1340 2917 red·

311 2947 389 3012 sotis
416 2967 508 3010 arma
530 2943 659 3009 ademit.
703 2944 745 3009 ob
768 2967 822 3011 eas
847 2945 954 3010 resin
973 2944 1081 3012 Gallia
1098 2944 1372 3032 Liguribusquea

312 3053 419 3127 gestas
446 3038 585 3103 duorum
607 3039 774 3104 consulum
799 3038 899 3104 ductu
926 3041 1133 3126 auspicioque
1155 3052 1284 3106 senatus
1305 3039 1340 3103 in

312 3134 453 3200 ιιίιιιιιιιιι
480 3132 727 3218 supplicationes
757 3131 899 3198 decrevit
924 3145 956 3198 et
986 3133 1199 3219 quadraginta
1227 3131 1337 3195 hostiis

315 3227 485 3293 smriiicari
500 3225 604 3292 iussit.

373 3321 421 3388 Ει
437 3320 597 3387 tumultus
613 3320 744 3405 quidem
753 3318 898 3387 Gallicus
917 3332 948 3385 et
961 3318 1162 3406 Ligustinus,
1180 3319 1236 3404 qui
1253 3316 1339 3404 prin·
1356 3336 1372 3383 a

317 3415 395 3501 cipio
413 3416 484 3482 eius
502 3413 579 3480 anni
596 3426 726 3480 exortus
743 3413 862 3491 fuerat,
885 3413 964 3481 baut
979 3434 1098 3499 magno
1115 3425 1232 3479 conatu
1249 3410 1339 3477 brevi

319 3528 486 3596 oppressus
509 3521 592 3586 erat3
618 3508 694 3574 belli
710 3508 914 3574 Macedonici
936 3507 1064 3573 subibat
1080 3508 1145 3573 iam
1162 3530 1253 3585 cura,
1278 3507 1373 3572 ιιι-4

322 3616 421 3671 scente
440 3604 564 3670 Perseo
588 3604 673 3669 inter
697 3602 870 3668 Dardanos
892 3602 1130 3686 Bastarnasque
1156 3600 1338 3667 certamina.

324 3707 351 3761 et
363 3698 469 3786 legati,
488 3698 545 3783 qui
561 3697 650 3763 missi
639 3697 710 3763 ad
725 3720 777 3763 res
790 3696 938 3762 visendas
954 3696 1222 3762 inMacedoniam
1239 3704 1338 3771 erant,

285 3788 379 3858 iam
406 3802 603 3859 reverterant
628 3792 768 3858 Romam
792 3791 1127 3874 renuntiaverantque,
1159 3788 1314 3855 bellum
1304 3811 1338 3852 ιιι

288 3919 297 3996 q
326 3880 481 3952 Dardania
502 3909 583 3954 esse.
626 3887 721 3952 simul
743 3896 898 3952 venerant
919 3895 951 3949 e
938 3883 1015 3949 tab
1037 3907 1113 3969 rege
1131 3884 1251 3949 Perseo
1268 3905 1338 3947 ora-
1356 3900 1372 3946 ι

285 3987 413 4060 tores,
438 3982 497 4066 qui
521 3993 697 4092 purgarent
722 4003 782 4047 nec
807 3980 925 4047 accitos
951 3980 993 4044 ab
1019 4003 1058 4045 eo
1079 3979 1252 4044 Bastarnas
1278 3995 1339 4040 nec

285 4089 443 4143 anctore
469 4098 509 4142 eo
535 4077 709 4160 quicquam
733 4075 851 4141 facere.
894 4085 1024 4140 senatus
1050 4095 1110 4139 nec
1134 4072 1249 4137 liberat
1270 4068 1371 4133 eiuso

285 4171 427 4281 cnlpae
449 4194 560 4282 regem
580 4192 687 4256 neque
708 4171 829 4280 arguit3
855 4168 977 4234 moneri
998 4191 1072 4234 eum
1096 4176 1220 4231 tantum
1241 4162 1338 4230 modo

326 4259 419 4342 iussit,
444 4278 482 4331 ut
499 4265 596 4331 etiam
612 4276 708 4350 atque
726 4265 821 4330 etiam
839 4275 979 4341 curaret,
1001 4273 1039 4327 ut
1055 4269 1201 4412 sanctqm
1221 4256 1338 4324 habere

368 4366 413 4410 tici
420 4367 462 4411 μοι
470 4366 507 4411 ιι.
