<?xml version="1.0" encoding="UTF-8"?>
<!DOCTYPE html PUBLIC "-//W3C//DTD XHTML 1.0 Transitional//EN"
    "http://www.w3.org/TR/xhtml1/DTD/xhtml1-transitional.dtd">
<html xmlns="http://www.w3.org/1999/xhtml" xml:lang="en" lang="en">
 <head>
  <title>
</title>
<meta http-equiv="Content-Type" content="text/html;charset=utf-8" />
  <meta name='ocr-system' content='tesseract 3.04.00' />
  <meta name='ocr-capabilities' content='ocr_page ocr_carea ocr_par ocr_line ocrx_word'/>
</head>
<body>
  <div class='ocr_page' id='page_1' title='image "./titiliviaburbec02weisgoog_0178.png"; bbox 0 0 3359 5092; ppageno 0'>
   <div class='ocr_carea' id='block_1_1' title="bbox 366 533 1197 615">
    <p class='ocr_par' dir='ltr' id='par_1_1' title="bbox 366 533 1197 615">
     <span class='ocr_line' id='line_1_1' title="bbox 366 533 1197 615; baseline 0.001 -15"><span class='ocrx_word' id='word_1_1' title='bbox 366 533 431 600; x_wconf 85' lang='lat'><strong>104</strong></span> <span class='ocrx_word' id='word_1_2' title='bbox 553 543 672 600; x_wconf 82' lang='lat' dir='ltr'>LIBER</span> <span class='ocrx_word' id='word_1_3' title='bbox 688 543 863 615; x_wconf 87' lang='lat' dir='ltr'><strong>XXXXIII,</strong></span> <span class='ocrx_word' id='word_1_4' title='bbox 882 546 993 600; x_wconf 82' lang='lat'><strong>19-21.</strong></span> <span class='ocrx_word' id='word_1_5' title='bbox 1013 549 1051 614; x_wconf 80' lang='lat' dir='ltr'><strong>[a</strong></span> <span class='ocrx_word' id='word_1_6' title='bbox 1062 563 1091 600; x_wconf 87' lang='lat' dir='ltr'><strong>n.</strong></span> <span class='ocrx_word' id='word_1_7' title='bbox 1100 545 1197 614; x_wconf 67' lang='lat' dir='ltr'><strong>codd]</strong></span> 
     </span>
    </p>
   </div>
   <div class='ocr_carea' id='block_1_2' title="bbox 316 701 1378 2391">
    <p class='ocr_par' dir='ltr' id='par_1_2' title="bbox 316 701 1378 1922">
     <span class='ocr_line' id='line_1_2' title="bbox 366 701 1375 790; baseline 0.001 -21"><span class='ocrx_word' id='word_1_8' title='bbox 366 705 537 790; x_wconf 84' lang='lat' dir='ltr'><strong>absumpta</strong></span> <span class='ocrx_word' id='word_1_9' title='bbox 553 716 616 780; x_wconf 87' lang='lat' dir='ltr'><strong>est,</strong></span> <span class='ocrx_word' id='word_1_10' title='bbox 639 714 672 770; x_wconf 91' lang='lat' dir='ltr'><strong>et</strong></span> <span class='ocrx_word' id='word_1_11' title='bbox 689 704 744 788; x_wconf 94' lang='lat' dir='ltr'><strong>qui</strong></span> <span class='ocrx_word' id='word_1_12' title='bbox 762 714 949 790; x_wconf 88' lang='lat' dir='ltr'><strong>supererant</strong></span> <span class='ocrx_word' id='word_1_13' title='bbox 965 701 1074 768; x_wconf 90' lang='lat' dir='ltr'><strong>labore</strong></span> <span class='ocrx_word' id='word_1_14' title='bbox 1092 701 1206 768; x_wconf 88' lang='lat' dir='ltr'><strong>diurno</strong></span> <span class='ocrx_word' id='word_1_15' title='bbox 1223 715 1375 770; x_wconf 88' lang='lat' dir='ltr'><strong>nocturno·</strong></span> 
     </span>
     <span class='ocr_line' id='line_1_3' title="bbox 317 796 1376 886; baseline -0.005 -18"><span class='ocrx_word' id='word_1_16' title='bbox 317 821 347 868; x_wconf 91' lang='lat'><strong>11</strong></span> <span class='ocrx_word' id='word_1_17' title='bbox 366 821 430 883; x_wconf 88' lang='lat' dir='ltr'><strong>que</strong></span> <span class='ocrx_word' id='word_1_18' title='bbox 452 796 517 886; x_wconf 88' lang='lat' dir='ltr'><strong>[et]</strong></span> <span class='ocrx_word' id='word_1_19' title='bbox 540 799 722 865; x_wconf 89' lang='lat' dir='ltr'><strong>volneribus</strong></span> <span class='ocrx_word' id='word_1_20' title='bbox 748 798 877 864; x_wconf 86' lang='lat' dir='ltr'><strong>inutiles</strong></span> <span class='ocrx_word' id='word_1_21' title='bbox 898 808 998 863; x_wconf 87' lang='lat' dir='ltr'><strong>erant.</strong></span> <span class='ocrx_word' id='word_1_22' title='bbox 1046 797 1103 863; x_wconf 93' lang='lat' dir='ltr'><strong>ubi</strong></span> <span class='ocrx_word' id='word_1_23' title='bbox 1127 799 1268 886; x_wconf 90' lang='lat' dir='ltr'><strong>primum</strong></span> <span class='ocrx_word' id='word_1_24' title='bbox 1292 821 1376 886; x_wconf 80' lang='lat' dir='ltr'><strong>agger</strong></span> 
     </span>
     <span class='ocr_line' id='line_1_4' title="bbox 366 892 1378 979; baseline 0.001 -22"><span class='ocrx_word' id='word_1_25' title='bbox 366 894 525 958; x_wconf 90' lang='lat' dir='ltr'><strong>iniunctus</strong></span> <span class='ocrx_word' id='word_1_26' title='bbox 542 915 634 958; x_wconf 92' lang='lat' dir='ltr'><strong>muro</strong></span> <span class='ocrx_word' id='word_1_27' title='bbox 652 905 715 972; x_wconf 89' lang='lat' dir='ltr'><strong>est,</strong></span> <span class='ocrx_word' id='word_1_28' title='bbox 737 905 770 959; x_wconf 88' lang='lat' dir='ltr'><strong>et</strong></span> <span class='ocrx_word' id='word_1_29' title='bbox 792 893 906 959; x_wconf 77' lang='lat' dir='ltr'><strong>cohors</strong></span> <span class='ocrx_word' id='word_1_30' title='bbox 923 892 1028 979; x_wconf 86' lang='lat' dir='ltr'><strong>regia,</strong></span> <span class='ocrx_word' id='word_1_31' title='bbox 1050 914 1130 977; x_wconf 90' lang='lat' dir='ltr'><strong>quos</strong></span> <span class='ocrx_word' id='word_1_32' title='bbox 1148 892 1315 958; x_wconf 81' lang='lat' dir='ltr'><strong>Mcatoras</strong></span> <span class='ocrx_word' id='word_1_33' title='bbox 1333 917 1378 979; x_wconf 89' lang='lat' dir='ltr'><strong>ap-</strong></span> 
     </span>
     <span class='ocr_line' id='line_1_5' title="bbox 316 986 1376 1073; baseline -0.005 -17"><span class='ocrx_word' id='word_1_34' title='bbox 316 1009 348 1056; x_wconf 82' lang='lat'><strong>12</strong></span> <span class='ocrx_word' id='word_1_35' title='bbox 366 988 494 1072; x_wconf 90' lang='lat' dir='ltr'><strong>pellant,</strong></span> <span class='ocrx_word' id='word_1_36' title='bbox 512 987 706 1053; x_wconf 76' lang='lat' dir='ltr'><strong>transcendit</strong></span> <span class='ocrx_word' id='word_1_37' title='bbox 719 1000 751 1053; x_wconf 89' lang='lat' dir='ltr'><strong>et</strong></span> <span class='ocrx_word' id='word_1_38' title='bbox 764 987 859 1053; x_wconf 90' lang='lat' dir='ltr'><strong>scalis</strong></span> <span class='ocrx_word' id='word_1_39' title='bbox 872 986 979 1052; x_wconf 88' lang='lat' dir='ltr'><strong>multis</strong></span> <span class='ocrx_word' id='word_1_40' title='bbox 993 986 1088 1052; x_wconf 90' lang='lat' dir='ltr'><strong>simul</strong></span> <span class='ocrx_word' id='word_1_41' title='bbox 1105 986 1251 1072; x_wconf 88' lang='lat' dir='ltr'><strong>partibus</strong></span> <span class='ocrx_word' id='word_1_42' title='bbox 1268 987 1376 1073; x_wconf 84' lang='lat' dir='ltr'><strong>inpetus</strong></span> 
     </span>
     <span class='ocr_line' id='line_1_6' title="bbox 364 1081 1377 1169; baseline 0.001 -24"><span class='ocrx_word' id='word_1_43' title='bbox 364 1083 399 1145; x_wconf 93' lang='lat' dir='ltr'><strong>in</strong></span> <span class='ocrx_word' id='word_1_44' title='bbox 416 1082 528 1147; x_wconf 90' lang='lat' dir='ltr'><strong>urbem</strong></span> <span class='ocrx_word' id='word_1_45' title='bbox 546 1093 595 1148; x_wconf 91' lang='lat' dir='ltr'><strong>est</strong></span> <span class='ocrx_word' id='word_1_46' title='bbox 611 1081 726 1148; x_wconf 85' lang='lat' dir='ltr'><strong>sactus.</strong></span> <span class='ocrx_word' id='word_1_47' title='bbox 752 1083 890 1169; x_wconf 79' lang='lat' dir='ltr'>puberes</span> <span class='ocrx_word' id='word_1_48' title='bbox 908 1105 1019 1147; x_wconf 87' lang='lat' dir='ltr'><strong>omnes</strong></span> <span class='ocrx_word' id='word_1_49' title='bbox 1034 1082 1193 1147; x_wconf 68' lang='lat' dir='ltr'><strong>interfecti</strong></span> <span class='ocrx_word' id='word_1_50' title='bbox 1211 1094 1300 1160; x_wconf 84' lang='lat' dir='ltr'><strong>sunt3</strong></span> <span class='ocrx_word' id='word_1_51' title='bbox 1317 1104 1377 1147; x_wconf 90' lang='lat' dir='ltr'><strong>con-</strong></span> 
     </span>
     <span class='ocr_line' id='line_1_7' title="bbox 365 1175 1376 1262; baseline 0.001 -22"><span class='ocrx_word' id='word_1_52' title='bbox 365 1175 456 1261; x_wconf 85' lang='lat' dir='ltr'><strong>iuges</strong></span> <span class='ocrx_word' id='word_1_53' title='bbox 474 1175 654 1260; x_wconf 89' lang='lat' dir='ltr'><strong>liberosque</strong></span> <span class='ocrx_word' id='word_1_54' title='bbox 672 1199 782 1242; x_wconf 91' lang='lat' dir='ltr'><strong>eorum</strong></span> <span class='ocrx_word' id='word_1_55' title='bbox 804 1176 837 1242; x_wconf 92' lang='lat' dir='ltr'><strong>in</strong></span> <span class='ocrx_word' id='word_1_56' title='bbox 855 1176 1031 1242; x_wconf 77' lang='lat' dir='ltr'><strong>custodiam</strong></span> <span class='ocrx_word' id='word_1_57' title='bbox 1049 1176 1152 1254; x_wconf 83' lang='lat' dir='ltr'><strong>dedit3</strong></span> <span class='ocrx_word' id='word_1_58' title='bbox 1176 1177 1314 1262; x_wconf 89' lang='lat' dir='ltr'><strong>praedae</strong></span> <span class='ocrx_word' id='word_1_59' title='bbox 1329 1176 1376 1241; x_wconf 79' lang='lat' dir='ltr'><strong>alia</strong></span> 
     </span>
     <span class='ocr_line' id='line_1_8' title="bbox 317 1267 1376 1338; baseline -0.002 -2"><span class='ocrx_word' id='word_1_60' title='bbox 317 1289 348 1337; x_wconf 79' lang='grc' dir='ltr'><strong>ιι</strong></span> <span class='ocrx_word' id='word_1_61' title='bbox 365 1272 502 1337; x_wconf 89' lang='lat' dir='ltr'><strong>militum</strong></span> <span class='ocrx_word' id='word_1_62' title='bbox 532 1294 666 1337; x_wconf 78' lang='lat' dir='ltr'><strong>cessere.</strong></span> <span class='ocrx_word' id='word_1_63' title='bbox 720 1271 893 1338; x_wconf 86' lang='lat' dir='ltr'><strong>Stuberam</strong></span> <span class='ocrx_word' id='word_1_64' title='bbox 922 1272 997 1338; x_wconf 92' lang='lat' dir='ltr'><strong>inde</strong></span> <span class='ocrx_word' id='word_1_65' title='bbox 1029 1271 1130 1336; x_wconf 89' lang='lat' dir='ltr'><strong>victor</strong></span> <span class='ocrx_word' id='word_1_66' title='bbox 1161 1283 1321 1337; x_wconf 88' lang='lat' dir='ltr'><strong>revertens</strong></span> <span class='ocrx_word' id='word_1_67' title='bbox 1346 1267 1376 1334; x_wconf 88' lang='lat' dir='ltr'><strong>ad</strong></span> 
     </span>
     <span class='ocr_line' id='line_1_9' title="bbox 368 1364 1376 1452; baseline -0.004 -20"><span class='ocrx_word' id='word_1_68' title='bbox 368 1364 523 1432; x_wconf 89' lang='lat' dir='ltr'><strong>Gentium</strong></span> <span class='ocrx_word' id='word_1_69' title='bbox 548 1366 670 1452; x_wconf 87' lang='lat' dir='ltr'><strong>legatos</strong></span> <span class='ocrx_word' id='word_1_70' title='bbox 697 1365 885 1432; x_wconf 83' lang='lat' dir='ltr'><strong>Pleuratum</strong></span> <span class='ocrx_word' id='word_1_71' title='bbox 911 1366 1072 1451; x_wconf 87' lang='lat' dir='ltr'><strong>Illyrium,</strong></span> <span class='ocrx_word' id='word_1_72' title='bbox 1108 1366 1292 1431; x_wconf 80' lang='lat' dir='ltr'><strong>exulantem</strong></span> <span class='ocrx_word' id='word_1_73' title='bbox 1316 1375 1376 1449; x_wconf 88' lang='lat' dir='ltr'><strong>aput</strong></span> 
     </span>
     <span class='ocr_line' id='line_1_10' title="bbox 317 1458 1374 1538; baseline -0.003 -12"><span class='ocrx_word' id='word_1_74' title='bbox 317 1479 349 1526; x_wconf 84' lang='lat'><strong>14</strong></span> <span class='ocrx_word' id='word_1_75' title='bbox 367 1483 417 1538; x_wconf 89' lang='lat' dir='ltr'><strong>se,</strong></span> <span class='ocrx_word' id='word_1_76' title='bbox 444 1472 477 1526; x_wconf 92' lang='lat' dir='ltr'><strong>et</strong></span> <span class='ocrx_word' id='word_1_77' title='bbox 493 1460 644 1525; x_wconf 84' lang='lat' dir='ltr'><strong>Adaeum</strong></span> <span class='ocrx_word' id='word_1_78' title='bbox 661 1461 876 1526; x_wconf 80' lang='lat' dir='ltr'><strong>Macedonem</strong></span> <span class='ocrx_word' id='word_1_79' title='bbox 894 1485 914 1526; x_wconf 91' lang='lat' dir='ltr'><strong>a</strong></span> <span class='ocrx_word' id='word_1_80' title='bbox 930 1461 1055 1525; x_wconf 85' lang='lat' dir='ltr'><strong>Beroea</strong></span> <span class='ocrx_word' id='word_1_81' title='bbox 1071 1460 1182 1537; x_wconf 89' lang='lat' dir='ltr'><strong>mittit;</strong></span> <span class='ocrx_word' id='word_1_82' title='bbox 1209 1463 1238 1524; x_wconf 86' lang='lat' dir='ltr'><strong>is</strong></span> <span class='ocrx_word' id='word_1_83' title='bbox 1256 1458 1374 1534; x_wconf 83' lang='lat' dir='ltr'><strong>mandat,</strong></span> 
     </span>
     <span class='ocr_line' id='line_1_11' title="bbox 366 1554 1375 1640; baseline -0.002 -22"><span class='ocrx_word' id='word_1_84' title='bbox 366 1566 403 1618; x_wconf 91' lang='lat' dir='ltr'><strong>ut</strong></span> <span class='ocrx_word' id='word_1_85' title='bbox 420 1565 614 1640; x_wconf 86' lang='lat' dir='ltr'><strong>exponerent</strong></span> <span class='ocrx_word' id='word_1_86' title='bbox 636 1555 764 1619; x_wconf 89' lang='lat' dir='ltr'><strong>aestatis</strong></span> <span class='ocrx_word' id='word_1_87' title='bbox 783 1555 852 1620; x_wconf 92' lang='lat' dir='ltr'><strong>eius</strong></span> <span class='ocrx_word' id='word_1_88' title='bbox 876 1554 1053 1638; x_wconf 81' lang='lat' dir='ltr'><strong>hiemisque</strong></span> <span class='ocrx_word' id='word_1_89' title='bbox 1071 1564 1144 1619; x_wconf 89' lang='lat' dir='ltr'><strong>acta</strong></span> <span class='ocrx_word' id='word_1_90' title='bbox 1166 1577 1226 1618; x_wconf 88' lang='lat' dir='ltr'><strong>sua</strong></span> <span class='ocrx_word' id='word_1_91' title='bbox 1244 1554 1375 1619; x_wconf 84' lang='lat' dir='ltr'><strong>adversus</strong></span> 
     </span>
     <span class='ocr_line' id='line_1_12' title="bbox 368 1644 1375 1733; baseline -0.003 -20"><span class='ocrx_word' id='word_1_92' title='bbox 368 1650 532 1714; x_wconf 87' lang='lat' dir='ltr'><strong>Romanos</strong></span> <span class='ocrx_word' id='word_1_93' title='bbox 548 1646 794 1733; x_wconf 84' lang='lat' dir='ltr'><strong>Dardanosque,</strong></span> <span class='ocrx_word' id='word_1_94' title='bbox 813 1648 975 1714; x_wconf 87' lang='lat' dir='ltr'><strong>adicerent</strong></span> <span class='ocrx_word' id='word_1_95' title='bbox 991 1648 1131 1713; x_wconf 89' lang='lat' dir='ltr'><strong>recentia</strong></span> <span class='ocrx_word' id='word_1_96' title='bbox 1147 1648 1181 1712; x_wconf 93' lang='lat' dir='ltr'><strong>in</strong></span> <span class='ocrx_word' id='word_1_97' title='bbox 1199 1647 1326 1733; x_wconf 86' lang='lat' dir='ltr'><strong>Illyrico</strong></span> <span class='ocrx_word' id='word_1_98' title='bbox 1339 1644 1375 1709; x_wconf 94' lang='lat' dir='ltr'><strong>hi·</strong></span> 
     </span>
     <span class='ocr_line' id='line_1_13' title="bbox 368 1735 1375 1828; baseline -0.004 -20"><span class='ocrx_word' id='word_1_99' title='bbox 368 1742 486 1809; x_wconf 89' lang='lat' dir='ltr'><strong>bernae</strong></span> <span class='ocrx_word' id='word_1_100' title='bbox 502 1741 713 1828; x_wconf 85' lang='lat' dir='ltr'><strong>expeditionis</strong></span> <span class='ocrx_word' id='word_1_101' title='bbox 735 1765 847 1828; x_wconf 90' lang='lat' dir='ltr'><strong>opera,</strong></span> <span class='ocrx_word' id='word_1_102' title='bbox 874 1742 1076 1807; x_wconf 85' lang='lat' dir='ltr'><strong>hortarentur</strong></span> <span class='ocrx_word' id='word_1_103' title='bbox 1093 1739 1277 1807; x_wconf 87' lang='lat' dir='ltr'><strong>Gentium</strong></span> <span class='ocrx_word' id='word_1_104' title='bbox 1267 1764 1300 1805; x_wconf 92' lang='lat' dir='ltr'><strong>m</strong></span> <span class='ocrx_word' id='word_1_105' title='bbox 1315 1735 1375 1804; x_wconf 88' lang='lat' dir='ltr'><strong>ani-</strong></span> 
     </span>
     <span class='ocr_line' id='line_1_14' title="bbox 367 1836 1219 1922; baseline -0.001 -22"><span class='ocrx_word' id='word_1_106' title='bbox 367 1836 475 1901; x_wconf 91' lang='lat' dir='ltr'><strong>citiam</strong></span> <span class='ocrx_word' id='word_1_107' title='bbox 491 1859 601 1902; x_wconf 87' lang='lat' dir='ltr'><strong>secum</strong></span> <span class='ocrx_word' id='word_1_108' title='bbox 619 1848 651 1902; x_wconf 91' lang='lat' dir='ltr'><strong>et</strong></span> <span class='ocrx_word' id='word_1_109' title='bbox 669 1859 742 1902; x_wconf 91' lang='lat' dir='ltr'><strong>cum</strong></span> <span class='ocrx_word' id='word_1_110' title='bbox 760 1836 995 1903; x_wconf 87' lang='lat' dir='ltr'><strong>Macedonibus</strong></span> <span class='ocrx_word' id='word_1_111' title='bbox 1012 1836 1219 1922; x_wconf 87' lang='lat' dir='ltr'><strong>iungendam.</strong></span> 
     </span>
    </p>

    <p class='ocr_par' dir='ltr' id='par_1_3' title="bbox 336 1921 1376 2299">
     <span class='ocr_line' id='line_1_15' title="bbox 336 1921 1376 2016; baseline -0.005 -19"><span class='ocrx_word' id='word_1_112' title='bbox 336 1952 348 1997; x_wconf 95' lang='lat'>1</span> <span class='ocrx_word' id='word_1_113' title='bbox 431 1929 515 1995; x_wconf 88' lang='lat' dir='ltr'><strong>XX</strong></span> <span class='ocrx_word' id='word_1_114' title='bbox 541 1931 619 1995; x_wconf 90' lang='lat' dir='ltr'><strong>Hit</strong></span> <span class='ocrx_word' id='word_1_115' title='bbox 606 1930 797 2016; x_wconf 85' lang='lat' dir='ltr'><strong>transgressi</strong></span> <span class='ocrx_word' id='word_1_116' title='bbox 812 1930 927 2016; x_wconf 86' lang='lat' dir='ltr'><strong>iugum</strong></span> <span class='ocrx_word' id='word_1_117' title='bbox 937 1929 1051 1996; x_wconf 89' lang='lat' dir='ltr'><strong>Scordi</strong></span> <span class='ocrx_word' id='word_1_118' title='bbox 1065 1929 1192 2006; x_wconf 88' lang='lat' dir='ltr'><strong>montis,</strong></span> <span class='ocrx_word' id='word_1_119' title='bbox 1210 1921 1376 2014; x_wconf 82' lang='lat' dir='ltr'><strong>perIllyriti</strong></span> 
     </span>
     <span class='ocr_line' id='line_1_16' title="bbox 368 2022 1376 2110; baseline -0.002 -22"><span class='ocrx_word' id='word_1_120' title='bbox 368 2023 563 2102; x_wconf 87' lang='lat' dir='ltr'><strong>solitudines,</strong></span> <span class='ocrx_word' id='word_1_121' title='bbox 581 2025 718 2107; x_wconf 85' lang='lat' dir='ltr'><strong>quaeda</strong></span> <span class='ocrx_word' id='word_1_122' title='bbox 734 2024 892 2090; x_wconf 88' lang='lat' dir='ltr'><strong>industria</strong></span> <span class='ocrx_word' id='word_1_123' title='bbox 903 2022 1087 2110; x_wconf 90' lang='lat' dir='ltr'><strong>populando</strong></span> <span class='ocrx_word' id='word_1_124' title='bbox 1096 2023 1294 2089; x_wconf 89' lang='lat' dir='ltr'><strong>Macedones</strong></span> <span class='ocrx_word' id='word_1_125' title='bbox 1310 2022 1376 2086; x_wconf 78' lang='lat' dir='ltr'><strong>fea·</strong></span> 
     </span>
     <span class='ocr_line' id='line_1_17' title="bbox 367 2115 1376 2202; baseline -0.001 -22"><span class='ocrx_word' id='word_1_126' title='bbox 367 2128 454 2193; x_wconf 90' lang='lat' dir='ltr'><strong>rant,</strong></span> <span class='ocrx_word' id='word_1_127' title='bbox 478 2140 519 2182; x_wconf 92' lang='lat' dir='ltr'><strong>ne</strong></span> <span class='ocrx_word' id='word_1_128' title='bbox 536 2118 688 2183; x_wconf 86' lang='lat' dir='ltr'><strong>transitus</strong></span> <span class='ocrx_word' id='word_1_129' title='bbox 706 2117 817 2183; x_wconf 86' lang='lat' dir='ltr'><strong>faciles</strong></span> <span class='ocrx_word' id='word_1_130' title='bbox 834 2118 1024 2182; x_wconf 88' lang='lat' dir='ltr'><strong>Dardanis</strong></span> <span class='ocrx_word' id='word_1_131' title='bbox 1015 2142 1049 2182; x_wconf 89' lang='grc' dir='ltr'><strong>ιιι</strong></span> <span class='ocrx_word' id='word_1_132' title='bbox 1066 2117 1233 2202; x_wconf 88' lang='lat' dir='ltr'><strong>Illyricum</strong></span> <span class='ocrx_word' id='word_1_133' title='bbox 1250 2128 1306 2182; x_wconf 86' lang='lat' dir='ltr'><strong>aut</strong></span> <span class='ocrx_word' id='word_1_134' title='bbox 1319 2115 1376 2179; x_wconf 65' lang='lat' dir='ltr'><strong>Me</strong></span> 
     </span>
     <span class='ocr_line' id='line_1_18' title="bbox 368 2210 1376 2299; baseline 0 -25"><span class='ocrx_word' id='word_1_135' title='bbox 368 2210 534 2275; x_wconf 89' lang='lat' dir='ltr'><strong>cedoniam</strong></span> <span class='ocrx_word' id='word_1_136' title='bbox 551 2222 671 2288; x_wconf 87' lang='lat' dir='ltr'><strong>essent,</strong></span> <span class='ocrx_word' id='word_1_137' title='bbox 694 2210 850 2277; x_wconf 83' lang='lat' dir='ltr'><strong>Scodram</strong></span> <span class='ocrx_word' id='word_1_138' title='bbox 867 2212 976 2278; x_wconf 92' lang='lat' dir='ltr'><strong>labore</strong></span> <span class='ocrx_word' id='word_1_139' title='bbox 998 2212 1120 2299; x_wconf 84' lang='lat' dir='ltr'><strong>ingenti</strong></span> <span class='ocrx_word' id='word_1_140' title='bbox 1137 2211 1269 2276; x_wconf 85' lang='lat' dir='ltr'><strong>tandem</strong></span> <span class='ocrx_word' id='word_1_141' title='bbox 1285 2228 1376 2296; x_wconf 78' lang='lat' dir='ltr'><strong>perve-</strong></span> 
     </span>
    </p>

    <p class='ocr_par' dir='ltr' id='par_1_4' title="bbox 334 2303 1377 2391">
     <span class='ocr_line' id='line_1_19' title="bbox 334 2303 1377 2391; baseline -0.008 -16"><span class='ocrx_word' id='word_1_142' title='bbox 334 2328 350 2375; x_wconf 74' lang='grc' dir='ltr'><strong>ι</strong></span> <span class='ocrx_word' id='word_1_143' title='bbox 368 2316 492 2370; x_wconf 87' lang='lat' dir='ltr'><strong>nerunt.</strong></span> <span class='ocrx_word' id='word_1_144' title='bbox 523 2304 611 2370; x_wconf 89' lang='lat' dir='ltr'><strong>Lissi</strong></span> <span class='ocrx_word' id='word_1_145' title='bbox 627 2329 685 2371; x_wconf 89' lang='lat' dir='ltr'><strong>rex</strong></span> <span class='ocrx_word' id='word_1_146' title='bbox 704 2303 842 2373; x_wconf 85' lang='lat' dir='ltr'><strong>Gentius</strong></span> <span class='ocrx_word' id='word_1_147' title='bbox 861 2318 939 2371; x_wconf 88' lang='lat' dir='ltr'><strong>erat.</strong></span> <span class='ocrx_word' id='word_1_148' title='bbox 965 2327 1003 2371; x_wconf 93' lang='lat' dir='ltr'><strong>eo</strong></span> <span class='ocrx_word' id='word_1_149' title='bbox 1021 2306 1114 2371; x_wconf 89' lang='lat' dir='ltr'><strong>acciti</strong></span> <span class='ocrx_word' id='word_1_150' title='bbox 1129 2306 1230 2391; x_wconf 85' lang='lat' dir='ltr'><strong>legati</strong></span> <span class='ocrx_word' id='word_1_151' title='bbox 1248 2303 1377 2369; x_wconf 73' lang='lat' dir='ltr'><strong>mandata</strong></span> 
     </span>
    </p>
   </div>
   <div class='ocr_carea' id='block_1_3' title="bbox 368 2396 1399 2673">
    <p class='ocr_par' dir='ltr' id='par_1_5' title="bbox 368 2396 1399 2673">
     <span class='ocr_line' id='line_1_20' title="bbox 369 2396 1399 2500; baseline -0.002 -36"><span class='ocrx_word' id='word_1_152' title='bbox 369 2413 563 2486; x_wconf 86' lang='lat' dir='ltr'><strong>exponentes</strong></span> <span class='ocrx_word' id='word_1_153' title='bbox 587 2401 725 2487; x_wconf 83' lang='lat' dir='ltr'><strong>benigne</strong></span> <span class='ocrx_word' id='word_1_154' title='bbox 753 2398 854 2465; x_wconf 89' lang='lat' dir='ltr'><strong>auditi</strong></span> <span class='ocrx_word' id='word_1_155' title='bbox 881 2412 970 2479; x_wconf 85' lang='lat' dir='ltr'><strong>sunt3</strong></span> <span class='ocrx_word' id='word_1_156' title='bbox 998 2400 1086 2484; x_wconf 89' lang='lat' dir='ltr'><strong>atqui</strong></span> <span class='ocrx_word' id='word_1_157' title='bbox 1111 2422 1302 2486; x_wconf 90' lang='lat' dir='ltr'><strong>responsum</strong></span> <span class='ocrx_word' id='word_1_158' title='bbox 1325 2396 1399 2500; x_wconf 50' lang='lat' dir='ltr'><strong>simp</strong></span> 
     </span>
     <span class='ocr_line' id='line_1_21' title="bbox 368 2492 1398 2572; baseline 0.002 -12"><span class='ocrx_word' id='word_1_159' title='bbox 368 2496 486 2560; x_wconf 88' lang='lat' dir='ltr'><strong>effectu</strong></span> <span class='ocrx_word' id='word_1_160' title='bbox 499 2497 650 2572; x_wconf 85' lang='lat' dir='ltr'><strong>tulerunt,</strong></span> <span class='ocrx_word' id='word_1_161' title='bbox 667 2496 866 2561; x_wconf 89' lang='lat' dir='ltr'><strong>voluntatem</strong></span> <span class='ocrx_word' id='word_1_162' title='bbox 880 2495 941 2560; x_wconf 87' lang='lat' dir='ltr'><strong>sibi</strong></span> <span class='ocrx_word' id='word_1_163' title='bbox 955 2517 1019 2560; x_wconf 92' lang='lat' dir='ltr'><strong>non</strong></span> <span class='ocrx_word' id='word_1_164' title='bbox 1032 2495 1143 2561; x_wconf 90' lang='lat' dir='ltr'><strong>deesse</strong></span> <span class='ocrx_word' id='word_1_165' title='bbox 1158 2494 1200 2559; x_wconf 92' lang='lat' dir='ltr'><strong>ad</strong></span> <span class='ocrx_word' id='word_1_166' title='bbox 1211 2492 1376 2559; x_wconf 82' lang='lat' dir='ltr'><strong>bellandum</strong></span> <span class='ocrx_word' id='word_1_167' title='bbox 1392 2507 1398 2562; x_wconf 73' lang='grc' dir='ltr'><em>Σ</em></span> 
     </span>
     <span class='ocr_line' id='line_1_22' title="bbox 368 2581 1398 2673; baseline -0.002 -20"><span class='ocrx_word' id='word_1_168' title='bbox 368 2612 442 2653; x_wconf 90' lang='lat' dir='ltr'><strong>cum</strong></span> <span class='ocrx_word' id='word_1_169' title='bbox 459 2590 624 2667; x_wconf 85' lang='lat' dir='ltr'><strong>Romanis,</strong></span> <span class='ocrx_word' id='word_1_170' title='bbox 643 2601 784 2656; x_wconf 90' lang='lat' dir='ltr'><strong>ceterum</strong></span> <span class='ocrx_word' id='word_1_171' title='bbox 797 2590 839 2654; x_wconf 90' lang='lat' dir='ltr'><strong>ad</strong></span> <span class='ocrx_word' id='word_1_172' title='bbox 857 2590 1037 2654; x_wconf 90' lang='lat' dir='ltr'><strong>conandum</strong></span> <span class='ocrx_word' id='word_1_173' title='bbox 1050 2588 1084 2652; x_wconf 91' lang='lat' dir='ltr'><strong>id</strong></span> <span class='ocrx_word' id='word_1_174' title='bbox 1102 2588 1190 2672; x_wconf 91' lang='lat' dir='ltr'><strong>quod</strong></span> <span class='ocrx_word' id='word_1_175' title='bbox 1206 2588 1285 2653; x_wconf 84' lang='lat' dir='ltr'><strong>velit</strong></span> <span class='ocrx_word' id='word_1_176' title='bbox 1300 2581 1398 2673; x_wconf 62' lang='lat' dir='ltr'><strong>pecu-⁴</strong></span> 
     </span>
    </p>
   </div>
   <div class='ocr_carea' id='block_1_4' title="bbox 246 2682 1399 3991">
    <p class='ocr_par' dir='ltr' id='par_1_6' title="bbox 334 2682 1378 3052">
     <span class='ocr_line' id='line_1_23' title="bbox 334 2682 1377 2768; baseline -0.005 -19"><span class='ocrx_word' id='word_1_177' title='bbox 334 2685 455 2749; x_wconf 76' lang='lat' dir='ltr'><strong>eniam</strong></span> <span class='ocrx_word' id='word_1_178' title='bbox 471 2686 609 2750; x_wconf 90' lang='lat' dir='ltr'><strong>maxime</strong></span> <span class='ocrx_word' id='word_1_179' title='bbox 627 2685 748 2750; x_wconf 87' lang='lat' dir='ltr'><strong>deesse.</strong></span> <span class='ocrx_word' id='word_1_180' title='bbox 775 2685 856 2750; x_wconf 89' lang='lat' dir='ltr'><strong>haec</strong></span> <span class='ocrx_word' id='word_1_181' title='bbox 874 2683 1046 2751; x_wconf 87' lang='lat' dir='ltr'><strong>Stuberam</strong></span> <span class='ocrx_word' id='word_1_182' title='bbox 1063 2683 1213 2748; x_wconf 89' lang='lat' dir='ltr'><strong>rettulere</strong></span> <span class='ocrx_word' id='word_1_183' title='bbox 1232 2682 1377 2768; x_wconf 72' lang='lat' dir='ltr'><strong>rogitem</strong></span> 
     </span>
     <span class='ocr_line' id='line_1_24' title="bbox 368 2774 1377 2864; baseline -0.008 -22"><span class='ocrx_word' id='word_1_184' title='bbox 368 2778 507 2843; x_wconf 89' lang='lat' dir='ltr'><strong>maxime</strong></span> <span class='ocrx_word' id='word_1_185' title='bbox 535 2778 677 2864; x_wconf 85' lang='lat' dir='ltr'><strong>captivos</strong></span> <span class='ocrx_word' id='word_1_186' title='bbox 703 2801 744 2844; x_wconf 87' lang='lat' dir='ltr'><strong>cx</strong></span> <span class='ocrx_word' id='word_1_187' title='bbox 765 2779 895 2863; x_wconf 80' lang='lat' dir='ltr'><strong>illyrico</strong></span> <span class='ocrx_word' id='word_1_188' title='bbox 919 2778 1079 2844; x_wconf 86' lang='lat' dir='ltr'><strong>vendenti.</strong></span> <span class='ocrx_word' id='word_1_189' title='bbox 1124 2777 1287 2862; x_wconf 88' lang='lat' dir='ltr'><strong>extemplo</strong></span> <span class='ocrx_word' id='word_1_190' title='bbox 1311 2774 1377 2839; x_wconf 89' lang='lat' dir='ltr'><strong>iden</strong></span> 
     </span>
     <span class='ocr_line' id='line_1_25' title="bbox 369 2870 1378 2957; baseline -0.003 -22"><span class='ocrx_word' id='word_1_191' title='bbox 369 2870 466 2955; x_wconf 84' lang='lat' dir='ltr'><strong>legati</strong></span> <span class='ocrx_word' id='word_1_192' title='bbox 488 2871 594 2936; x_wconf 86' lang='lat' dir='ltr'><strong>addito</strong></span> <span class='ocrx_word' id='word_1_193' title='bbox 619 2870 757 2938; x_wconf 87' lang='lat' dir='ltr'><strong>Glaucia</strong></span> <span class='ocrx_word' id='word_1_194' title='bbox 779 2896 819 2938; x_wconf 88' lang='lat' dir='ltr'><strong>ex</strong></span> <span class='ocrx_word' id='word_1_195' title='bbox 840 2895 973 2938; x_wconf 90' lang='lat' dir='ltr'><strong>numero</strong></span> <span class='ocrx_word' id='word_1_196' title='bbox 998 2872 1165 2938; x_wconf 87' lang='lat' dir='ltr'><strong>custodum</strong></span> <span class='ocrx_word' id='word_1_197' title='bbox 1184 2871 1324 2957; x_wconf 88' lang='lat' dir='ltr'><strong>corporis</strong></span> <span class='ocrx_word' id='word_1_198' title='bbox 1341 2887 1378 2931; x_wconf 88' lang='lat' dir='ltr'><strong>re-</strong></span> 
     </span>
     <span class='ocr_line' id='line_1_26' title="bbox 369 2963 1377 3052; baseline 0.001 -25"><span class='ocrx_word' id='word_1_199' title='bbox 369 2964 538 3029; x_wconf 88' lang='lat' dir='ltr'><strong>mittuntur</strong></span> <span class='ocrx_word' id='word_1_200' title='bbox 567 2965 634 3032; x_wconf 89' lang='lat' dir='ltr'><strong>sine</strong></span> <span class='ocrx_word' id='word_1_201' title='bbox 664 2967 824 3032; x_wconf 88' lang='lat' dir='ltr'><strong>mentione</strong></span> <span class='ocrx_word' id='word_1_202' title='bbox 851 2966 1022 3052; x_wconf 91' lang='lat' dir='ltr'><strong>pecuniae,</strong></span> <span class='ocrx_word' id='word_1_203' title='bbox 1053 2986 1118 3049; x_wconf 89' lang='lat' dir='ltr'><strong>qua</strong></span> <span class='ocrx_word' id='word_1_204' title='bbox 1147 2988 1214 3029; x_wconf 91' lang='lat' dir='ltr'><strong>una</strong></span> <span class='ocrx_word' id='word_1_205' title='bbox 1241 2963 1377 3029; x_wconf 76' lang='lat' dir='ltr'><strong>barbarus</strong></span> 
     </span>
    </p>

    <p class='ocr_par' dir='ltr' id='par_1_7' title="bbox 334 3058 1378 3427">
     <span class='ocr_line' id='line_1_27' title="bbox 334 3058 1378 3167; baseline -0.006 -43"><span class='ocrx_word' id='word_1_206' title='bbox 334 3058 461 3144; x_wconf 89' lang='lat' dir='ltr'><strong>4inops</strong></span> <span class='ocrx_word' id='word_1_207' title='bbox 486 3058 597 3144; x_wconf 92' lang='lat' dir='ltr'><strong>inpelli</strong></span> <span class='ocrx_word' id='word_1_208' title='bbox 619 3060 661 3123; x_wconf 92' lang='lat' dir='ltr'><strong>ad</strong></span> <span class='ocrx_word' id='word_1_209' title='bbox 682 3060 801 3125; x_wconf 90' lang='lat' dir='ltr'><strong>bellum</strong></span> <span class='ocrx_word' id='word_1_210' title='bbox 823 3071 957 3146; x_wconf 89' lang='lat' dir='ltr'><strong>poterat.</strong></span> <span class='ocrx_word' id='word_1_211' title='bbox 1001 3060 1167 3167; x_wconf 82' lang='lat' dir='ltr'><strong>Ancyram</strong></span> <span class='ocrx_word' id='word_1_212' title='bbox 1193 3059 1270 3123; x_wconf 93' lang='lat' dir='ltr'><strong>inde</strong></span> <span class='ocrx_word' id='word_1_213' title='bbox 1295 3075 1378 3143; x_wconf 89' lang='lat' dir='ltr'><strong>popu·</strong></span> 
     </span>
     <span class='ocr_line' id='line_1_28' title="bbox 368 3144 1378 3219; baseline -0.005 -2"><span class='ocrx_word' id='word_1_214' title='bbox 368 3154 451 3218; x_wconf 85' lang='lat' dir='ltr'><strong>latus</strong></span> <span class='ocrx_word' id='word_1_215' title='bbox 476 3152 656 3219; x_wconf 87' lang='lat' dir='ltr'><strong>Perseus</strong></span> <span class='ocrx_word' id='word_1_216' title='bbox 647 3177 681 3218; x_wconf 92' lang='lat' dir='ltr'><strong>m</strong></span> <span class='ocrx_word' id='word_1_217' title='bbox 706 3154 863 3219; x_wconf 87' lang='lat' dir='ltr'><strong>Penestas</strong></span> <span class='ocrx_word' id='word_1_218' title='bbox 889 3176 1016 3218; x_wconf 90' lang='lat' dir='ltr'><strong>rursum</strong></span> <span class='ocrx_word' id='word_1_219' title='bbox 1047 3152 1165 3217; x_wconf 89' lang='lat' dir='ltr'><strong>exercit</strong></span> <span class='ocrx_word' id='word_1_220' title='bbox 1165 3175 1222 3216; x_wconf 91' lang='lat' dir='ltr'><strong>um</strong></span> <span class='ocrx_word' id='word_1_221' title='bbox 1254 3144 1378 3216; x_wconf 79' lang='lat' dir='ltr'><strong>redducit</strong></span> 
     </span>
     <span class='ocr_line' id='line_1_29' title="bbox 367 3245 1377 3332; baseline -0.007 -20"><span class='ocrx_word' id='word_1_222' title='bbox 367 3247 564 3331; x_wconf 80' lang='lat' dir='ltr'><strong>firmatisque</strong></span> <span class='ocrx_word' id='word_1_223' title='bbox 572 3245 724 3312; x_wconf 89' lang='lat' dir='ltr'><strong>Uscanae</strong></span> <span class='ocrx_word' id='word_1_224' title='bbox 738 3258 770 3313; x_wconf 94' lang='lat' dir='ltr'><strong>et</strong></span> <span class='ocrx_word' id='word_1_225' title='bbox 787 3248 956 3312; x_wconf 88' lang='lat' dir='ltr'><strong>circaeam</strong></span> <span class='ocrx_word' id='word_1_226' title='bbox 973 3269 1031 3332; x_wconf 89' lang='lat' dir='ltr'><strong>per</strong></span> <span class='ocrx_word' id='word_1_227' title='bbox 1048 3246 1155 3310; x_wconf 90' lang='lat' dir='ltr'><strong>omnia</strong></span> <span class='ocrx_word' id='word_1_228' title='bbox 1168 3246 1301 3311; x_wconf 89' lang='lat' dir='ltr'><strong>castella</strong></span> <span class='ocrx_word' id='word_1_229' title='bbox 1313 3259 1377 3327; x_wconf 77' lang='lat' dir='ltr'><strong>quat</strong></span> 
     </span>
     <span class='ocr_line' id='line_1_30' title="bbox 368 3339 1239 3427; baseline -0.001 -22"><span class='ocrx_word' id='word_1_230' title='bbox 368 3352 532 3426; x_wconf 87' lang='lat' dir='ltr'><strong>receperat</strong></span> <span class='ocrx_word' id='word_1_231' title='bbox 548 3342 714 3427; x_wconf 89' lang='lat' dir='ltr'><strong>praesidiis</strong></span> <span class='ocrx_word' id='word_1_232' title='bbox 731 3342 766 3406; x_wconf 90' lang='lat' dir='ltr'><strong>in</strong></span> <span class='ocrx_word' id='word_1_233' title='bbox 783 3341 1010 3406; x_wconf 88' lang='lat' dir='ltr'><strong>Macedoniam</strong></span> <span class='ocrx_word' id='word_1_234' title='bbox 1028 3363 1098 3406; x_wconf 90' lang='lat' dir='ltr'><strong>sese</strong></span> <span class='ocrx_word' id='word_1_235' title='bbox 1115 3339 1239 3425; x_wconf 89' lang='lat' dir='ltr'><strong>recipit.</strong></span> 
     </span>
    </p>

    <p class='ocr_par' dir='ltr' id='par_1_8' title="bbox 338 3429 1379 3800">
     <span class='ocr_line' id='line_1_31' title="bbox 338 3429 1377 3521; baseline -0.005 -22"><span class='ocrx_word' id='word_1_236' title='bbox 338 3455 351 3499; x_wconf 95' lang='lat'>1</span> <span class='ocrx_word' id='word_1_237' title='bbox 433 3433 535 3497; x_wconf 89' lang='lat' dir='ltr'><strong>XXI.</strong></span> <span class='ocrx_word' id='word_1_238' title='bbox 554 3433 594 3497; x_wconf 90' lang='lat' dir='ltr'><strong>L.</strong></span> <span class='ocrx_word' id='word_1_239' title='bbox 613 3432 744 3501; x_wconf 84' lang='lat' dir='ltr'><strong>Coelius</strong></span> <span class='ocrx_word' id='word_1_240' title='bbox 766 3436 892 3521; x_wconf 83' lang='lat' dir='ltr'><strong>legatus</strong></span> <span class='ocrx_word' id='word_1_241' title='bbox 905 3435 1070 3499; x_wconf 89' lang='lat' dir='ltr'><strong>Romanus</strong></span> <span class='ocrx_word' id='word_1_242' title='bbox 1088 3444 1235 3518; x_wconf 83' lang='lat' dir='ltr'><strong>praeerat</strong></span> <span class='ocrx_word' id='word_1_243' title='bbox 1253 3429 1377 3518; x_wconf 76' lang='lat' dir='ltr'><strong>lllyricot</strong></span> 
     </span>
     <span class='ocr_line' id='line_1_32' title="bbox 370 3527 1399 3622; baseline 0.002 -32"><span class='ocrx_word' id='word_1_244' title='bbox 370 3528 427 3611; x_wconf 88' lang='lat' dir='ltr'><strong>qui</strong></span> <span class='ocrx_word' id='word_1_245' title='bbox 447 3528 568 3592; x_wconf 86' lang='lat' dir='ltr'><strong>moveri</strong></span> <span class='ocrx_word' id='word_1_246' title='bbox 590 3549 655 3592; x_wconf 92' lang='lat' dir='ltr'><strong>non</strong></span> <span class='ocrx_word' id='word_1_247' title='bbox 678 3552 789 3607; x_wconf 86' lang='lat' dir='ltr'><strong>ausus,</strong></span> <span class='ocrx_word' id='word_1_248' title='bbox 816 3551 891 3594; x_wconf 91' lang='lat' dir='ltr'><strong>oum</strong></span> <span class='ocrx_word' id='word_1_249' title='bbox 912 3529 946 3596; x_wconf 91' lang='lat' dir='ltr'><strong>in</strong></span> <span class='ocrx_word' id='word_1_250' title='bbox 972 3533 999 3593; x_wconf 83' lang='grc' dir='ltr'><strong>ιι</strong></span> <span class='ocrx_word' id='word_1_251' title='bbox 1021 3528 1097 3597; x_wconf 88' lang='lat' dir='ltr'><strong>locis</strong></span> <span class='ocrx_word' id='word_1_252' title='bbox 1120 3550 1176 3593; x_wconf 90' lang='lat' dir='ltr'><strong>rex</strong></span> <span class='ocrx_word' id='word_1_253' title='bbox 1201 3539 1300 3603; x_wconf 88' lang='lat' dir='ltr'><strong>esset,</strong></span> <span class='ocrx_word' id='word_1_254' title='bbox 1323 3527 1399 3622; x_wconf 64' lang='lat' dir='ltr'><strong>poti«</strong></span> 
     </span>
     <span class='ocr_line' id='line_1_33' title="bbox 369 3599 1399 3718; baseline 0.001 -34"><span class='ocrx_word' id='word_1_255' title='bbox 369 3620 600 3707; x_wconf 79' lang='lat' dir='ltr'><strong>profectionem</strong></span> <span class='ocrx_word' id='word_1_256' title='bbox 623 3622 803 3687; x_wconf 92' lang='lat' dir='ltr'><strong>demum</strong></span> <span class='ocrx_word' id='word_1_257' title='bbox 775 3646 844 3688; x_wconf 82' lang='lat' dir='ltr'><strong>erus</strong></span> <span class='ocrx_word' id='word_1_258' title='bbox 862 3635 994 3688; x_wconf 90' lang='lat' dir='ltr'><strong>conatus</strong></span> <span class='ocrx_word' id='word_1_259' title='bbox 1015 3621 1050 3686; x_wconf 92' lang='lat' dir='ltr'><strong>in</strong></span> <span class='ocrx_word' id='word_1_260' title='bbox 1065 3621 1214 3688; x_wconf 87' lang='lat' dir='ltr'><strong>Penestis</strong></span> <span class='ocrx_word' id='word_1_261' title='bbox 1231 3599 1399 3718; x_wconf 70' lang='lat' dir='ltr'><strong>Uscanam</strong></span> 
     </span>
     <span class='ocr_line' id='line_1_34' title="bbox 369 3679 1399 3800; baseline -0.005 -22"><span class='ocrx_word' id='word_1_262' title='bbox 369 3713 512 3800; x_wconf 87' lang='lat' dir='ltr'><strong>recipere</strong></span> <span class='ocrx_word' id='word_1_263' title='bbox 525 3738 544 3779; x_wconf 92' lang='lat' dir='ltr'><strong>a</strong></span> <span class='ocrx_word' id='word_1_264' title='bbox 557 3716 725 3799; x_wconf 90' lang='lat' dir='ltr'><strong>praesidio,</strong></span> <span class='ocrx_word' id='word_1_265' title='bbox 743 3717 829 3800; x_wconf 91' lang='lat' dir='ltr'><strong>quod</strong></span> <span class='ocrx_word' id='word_1_266' title='bbox 844 3718 889 3781; x_wconf 94' lang='lat' dir='ltr'><strong>ibi</strong></span> <span class='ocrx_word' id='word_1_267' title='bbox 898 3715 1115 3782; x_wconf 90' lang='lat' dir='ltr'><strong>Macedonum</strong></span> <span class='ocrx_word' id='word_1_268' title='bbox 1128 3725 1208 3791; x_wconf 89' lang='lat' dir='ltr'><strong>erat,</strong></span> <span class='ocrx_word' id='word_1_269' title='bbox 1228 3737 1302 3780; x_wconf 91' lang='lat' dir='ltr'><strong>cum</strong></span> <span class='ocrx_word' id='word_1_270' title='bbox 1315 3679 1399 3777; x_wconf 78' lang='lat' dir='ltr'><strong>nul-l</strong></span> 
     </span>
    </p>

    <p class='ocr_par' dir='ltr' id='par_1_9' title="bbox 246 3801 1378 3897">
     <span class='ocr_line' id='line_1_35' title="bbox 246 3801 1378 3897; baseline -0.004 -21"><span class='ocrx_word' id='word_1_271' title='bbox 246 3821 251 3827; x_wconf 85' lang='lat'><em>&#39;</em></span> <span class='ocrx_word' id='word_1_272' title='bbox 337 3808 410 3876; x_wconf 74' lang='lat' dir='ltr'><strong>stis</strong></span> <span class='ocrx_word' id='word_1_273' title='bbox 428 3809 609 3874; x_wconf 87' lang='lat' dir='ltr'><strong>volneribus</strong></span> <span class='ocrx_word' id='word_1_274' title='bbox 626 3812 772 3896; x_wconf 87' lang='lat' dir='ltr'><strong>repulsus</strong></span> <span class='ocrx_word' id='word_1_275' title='bbox 790 3811 996 3897; x_wconf 87' lang='lat' dir='ltr'><strong>Lychnidum</strong></span> <span class='ocrx_word' id='word_1_276' title='bbox 1014 3810 1120 3897; x_wconf 90' lang='lat' dir='ltr'><strong>copias</strong></span> <span class='ocrx_word' id='word_1_277' title='bbox 1142 3809 1280 3874; x_wconf 76' lang='lat' dir='ltr'><strong>reduxit.</strong></span> <span class='ocrx_word' id='word_1_278' title='bbox 1321 3801 1378 3871; x_wconf 69' lang='lat' dir='ltr'><strong>inde</strong></span> 
     </span>
    </p>

    <p class='ocr_par' dir='ltr' id='par_1_10' title="bbox 370 3896 1378 3991">
     <span class='ocr_line' id='line_1_36' title="bbox 370 3896 1378 3991; baseline -0.001 -24"><span class='ocrx_word' id='word_1_279' title='bbox 370 3913 443 3988; x_wconf 90' lang='lat' dir='ltr'><strong>post</strong></span> <span class='ocrx_word' id='word_1_280' title='bbox 465 3903 532 3969; x_wconf 87' lang='lat' dir='ltr'><strong>dies</strong></span> <span class='ocrx_word' id='word_1_281' title='bbox 554 3926 673 3990; x_wconf 90' lang='lat' dir='ltr'><strong>paucos</strong></span> <span class='ocrx_word' id='word_1_282' title='bbox 691 3906 740 3970; x_wconf 94' lang='lat' dir='ltr'><strong>M.</strong></span> <span class='ocrx_word' id='word_1_283' title='bbox 759 3904 956 3971; x_wconf 84' lang='lat' dir='ltr'><strong>Trebellium</strong></span> <span class='ocrx_word' id='word_1_284' title='bbox 972 3904 1200 3991; x_wconf 86' lang='lat' dir='ltr'><strong>Fregellanum</strong></span> <span class='ocrx_word' id='word_1_285' title='bbox 1224 3926 1299 3968; x_wconf 92' lang='lat' dir='ltr'><strong>cnm</strong></span> <span class='ocrx_word' id='word_1_286' title='bbox 1319 3896 1378 3965; x_wconf 75' lang='lat' dir='ltr'><strong>satit</strong></span> 
     </span>
    </p>
   </div>
   <div class='ocr_carea' id='block_1_5' title="bbox 337 3989 1379 4367">
    <p class='ocr_par' dir='ltr' id='par_1_11' title="bbox 337 3989 1379 4367">
     <span class='ocr_line' id='line_1_37' title="bbox 369 3989 1379 4086; baseline -0.002 -26"><span class='ocrx_word' id='word_1_287' title='bbox 369 3995 477 4061; x_wconf 89' lang='lat' dir='ltr'><strong>valida</strong></span> <span class='ocrx_word' id='word_1_288' title='bbox 498 4021 596 4064; x_wconf 92' lang='lat' dir='ltr'><strong>manu</strong></span> <span class='ocrx_word' id='word_1_289' title='bbox 614 3996 679 4086; x_wconf 93' lang='lat' dir='ltr'><strong>[in]</strong></span> <span class='ocrx_word' id='word_1_290' title='bbox 697 3999 853 4065; x_wconf 88' lang='lat' dir='ltr'><strong>Penestas</strong></span> <span class='ocrx_word' id='word_1_291' title='bbox 871 4000 957 4063; x_wconf 88' lang='lat' dir='ltr'><strong>misit</strong></span> <span class='ocrx_word' id='word_1_292' title='bbox 974 3999 1015 4063; x_wconf 92' lang='lat' dir='ltr'><strong>ad</strong></span> <span class='ocrx_word' id='word_1_293' title='bbox 1032 3998 1159 4063; x_wconf 87' lang='lat' dir='ltr'><strong>obsides</strong></span> <span class='ocrx_word' id='word_1_294' title='bbox 1178 3997 1221 4062; x_wconf 92' lang='lat' dir='ltr'><strong>ab</strong></span> <span class='ocrx_word' id='word_1_295' title='bbox 1242 3996 1293 4060; x_wconf 89' lang='lat' dir='ltr'><strong>his</strong></span> <span class='ocrx_word' id='word_1_296' title='bbox 1310 3989 1379 4058; x_wconf 87' lang='lat' dir='ltr'><strong>urbi·</strong></span> 
     </span>
     <span class='ocr_line' id='line_1_38' title="bbox 370 4088 1379 4179; baseline -0.003 -25"><span class='ocrx_word' id='word_1_297' title='bbox 370 4090 445 4168; x_wconf 89' lang='lat' dir='ltr'><strong>bns,</strong></span> <span class='ocrx_word' id='word_1_298' title='bbox 467 4112 550 4175; x_wconf 88' lang='lat' dir='ltr'><strong>quae</strong></span> <span class='ocrx_word' id='word_1_299' title='bbox 572 4093 606 4157; x_wconf 93' lang='lat' dir='ltr'><strong>in</strong></span> <span class='ocrx_word' id='word_1_300' title='bbox 628 4092 767 4158; x_wconf 87' lang='lat' dir='ltr'><strong>amicitia</strong></span> <span class='ocrx_word' id='word_1_301' title='bbox 789 4116 864 4158; x_wconf 90' lang='lat' dir='ltr'><strong>cum</strong></span> <span class='ocrx_word' id='word_1_302' title='bbox 885 4094 947 4158; x_wconf 89' lang='lat' dir='ltr'><strong>fide</strong></span> <span class='ocrx_word' id='word_1_303' title='bbox 965 4100 1220 4179; x_wconf 88' lang='lat' dir='ltr'><strong>permanserant,</strong></span> <span class='ocrx_word' id='word_1_304' title='bbox 1238 4088 1379 4175; x_wconf 86' lang='lat' dir='ltr'><strong>accipien-</strong></span> 
     </span>
     <span class='ocr_line' id='line_1_39' title="bbox 337 4179 1379 4271; baseline -0.007 -20"><span class='ocrx_word' id='word_1_305' title='bbox 337 4204 353 4251; x_wconf 79' lang='grc' dir='ltr'><strong>ι</strong></span> <span class='ocrx_word' id='word_1_306' title='bbox 371 4184 443 4263; x_wconf 85' lang='lat' dir='ltr'><strong>dos3</strong></span> <span class='ocrx_word' id='word_1_307' title='bbox 469 4188 641 4271; x_wconf 88' lang='lat' dir='ltr'><strong>procedere</strong></span> <span class='ocrx_word' id='word_1_308' title='bbox 664 4186 761 4252; x_wconf 88' lang='lat' dir='ltr'><strong>etiam</strong></span> <span class='ocrx_word' id='word_1_309' title='bbox 783 4188 816 4252; x_wconf 94' lang='lat' dir='ltr'><strong>in</strong></span> <span class='ocrx_word' id='word_1_310' title='bbox 833 4186 1005 4252; x_wconf 89' lang='lat' dir='ltr'><strong>Parthinos</strong></span> <span class='ocrx_word' id='word_1_311' title='bbox 1022 4186 1105 4250; x_wconf 93' lang='lat' dir='ltr'><strong>—ii</strong></span> <span class='ocrx_word' id='word_1_312' title='bbox 1123 4207 1249 4270; x_wconf 91' lang='lat' dir='ltr'><strong>quoque</strong></span> <span class='ocrx_word' id='word_1_313' title='bbox 1268 4179 1379 4248; x_wconf 79' lang='lat' dir='ltr'><strong>obsides</strong></span> 
     </span>
     <span class='ocr_line' id='line_1_40' title="bbox 372 4274 1379 4367; baseline -0.006 -23"><span class='ocrx_word' id='word_1_314' title='bbox 372 4278 447 4344; x_wconf 86' lang='lat' dir='ltr'><strong>dare</strong></span> <span class='ocrx_word' id='word_1_315' title='bbox 463 4281 811 4367; x_wconf 83' lang='lat' dir='ltr'><strong>pepigerant—iussit.</strong></span> <span class='ocrx_word' id='word_1_316' title='bbox 847 4281 888 4346; x_wconf 92' lang='lat' dir='ltr'><strong>ab</strong></span> <span class='ocrx_word' id='word_1_317' title='bbox 906 4294 1041 4365; x_wconf 87' lang='lat' dir='ltr'><strong>utraque</strong></span> <span class='ocrx_word' id='word_1_318' title='bbox 1058 4292 1154 4366; x_wconf 88' lang='lat' dir='ltr'><strong>gente</strong></span> <span class='ocrx_word' id='word_1_319' title='bbox 1171 4279 1240 4344; x_wconf 90' lang='lat' dir='ltr'><strong>sine</strong></span> <span class='ocrx_word' id='word_1_320' title='bbox 1257 4274 1379 4343; x_wconf 82' lang='lat' dir='ltr'><strong>tumultu</strong></span> 
     </span>
    </p>
   </div>
   <div class='ocr_carea' id='block_1_6' title="bbox 0 0 1688 5092">
    <p class='ocr_par' dir='ltr' id='par_1_12' title="bbox 0 0 1688 5092">
     <span class='ocr_line' id='line_1_41' title="bbox 0 0 1688 5092; baseline 0 0"><span class='ocrx_word' id='word_1_321' title='bbox 0 0 1688 5092; x_wconf 95' lang='lat' dir='ltr'><strong> </strong></span> 
     </span>
    </p>
   </div>
  </div>
 </body>
</html>
