<?xml version="1.0" encoding="UTF-8"?>
<!DOCTYPE html PUBLIC "-//W3C//DTD XHTML 1.0 Transitional//EN"
    "http://www.w3.org/TR/xhtml1/DTD/xhtml1-transitional.dtd">
<html xmlns="http://www.w3.org/1999/xhtml" xml:lang="en" lang="en">
 <head>
  <title>
</title>
<meta http-equiv="Content-Type" content="text/html;charset=utf-8" />
  <meta name='ocr-system' content='tesseract 3.04.00' />
  <meta name='ocr-capabilities' content='ocr_page ocr_carea ocr_par ocr_line ocrx_word'/>
</head>
<body>
  <div class='ocr_page' id='page_1' title='image "./titiliviaburbec02weisgoog_0107.png"; bbox 0 0 3359 5092; ppageno 0'>
   <div class='ocr_carea' id='block_1_1' title="bbox 496 516 1288 598">
    <p class='ocr_par' dir='ltr' id='par_1_1' title="bbox 496 516 1288 598">
     <span class='ocr_line' id='line_1_1' title="bbox 496 516 1288 598; baseline 0.004 -17"><span class='ocrx_word' id='word_1_1' title='bbox 496 525 788 598; x_wconf 72' lang='lat' dir='ltr'><strong>mensumn,</strong></span> <span class='ocrx_word' id='word_1_2' title='bbox 807 526 833 581; x_wconf 85' lang='lat' dir='ltr'><strong>o.</strong></span> <span class='ocrx_word' id='word_1_3' title='bbox 849 526 872 580; x_wconf 75' lang='lat' dir='ltr'><strong>r.</strong></span> <span class='ocrx_word' id='word_1_4' title='bbox 892 525 1045 597; x_wconf 63' lang='lat' dir='ltr'><strong>[acin]</strong></span> <span class='ocrx_word' id='word_1_5' title='bbox 1245 516 1288 584; x_wconf 83' lang='lat'><strong>³3</strong></span> 
     </span>
    </p>
   </div>
   <div class='ocr_carea' id='block_1_2' title="bbox 271 680 1321 1246">
    <p class='ocr_par' dir='ltr' id='par_1_2' title="bbox 271 680 1321 1246">
     <span class='ocr_line' id='line_1_2' title="bbox 271 680 1321 771; baseline -0.001 -18"><span class='ocrx_word' id='word_1_6' title='bbox 271 689 299 753; x_wconf 91' lang='lat'><strong>1.</strong></span> <span class='ocrx_word' id='word_1_7' title='bbox 320 684 487 751; x_wconf 82' lang='lat' dir='ltr'><strong>Caecilius</strong></span> <span class='ocrx_word' id='word_1_8' title='bbox 508 683 642 750; x_wconf 86' lang='lat' dir='ltr'><strong>Denter.</strong></span> <span class='ocrx_word' id='word_1_9' title='bbox 686 694 719 749; x_wconf 87' lang='lat' dir='ltr'><strong>et</strong></span> <span class='ocrx_word' id='word_1_10' title='bbox 742 680 815 769; x_wconf 91' lang='lat' dir='ltr'><strong>[ab]</strong></span> <span class='ocrx_word' id='word_1_11' title='bbox 834 684 996 750; x_wconf 76' lang='lat' dir='ltr'><strong>Antiocho</strong></span> <span class='ocrx_word' id='word_1_12' title='bbox 1020 707 1096 771; x_wconf 89' lang='lat' dir='ltr'><strong>rege</strong></span> <span class='ocrx_word' id='word_1_13' title='bbox 1118 687 1179 752; x_wconf 91' lang='lat' dir='ltr'><strong>sub</strong></span> <span class='ocrx_word' id='word_1_14' title='bbox 1200 686 1285 754; x_wconf 84' lang='lat' dir='ltr'><strong>idem</strong></span> <span class='ocrx_word' id='word_1_15' title='bbox 1304 709 1321 759; x_wconf 83' lang='lat' dir='ltr'><strong>c</strong></span> 
     </span>
     <span class='ocr_line' id='line_1_3' title="bbox 271 777 1286 867; baseline 0.001 -20"><span class='ocrx_word' id='word_1_16' title='bbox 271 802 383 867; x_wconf 77' lang='lat' dir='ltr'><strong>empus</strong></span> <span class='ocrx_word' id='word_1_17' title='bbox 400 777 503 864; x_wconf 84' lang='lat' dir='ltr'><strong>legati</strong></span> <span class='ocrx_word' id='word_1_18' title='bbox 517 789 684 843; x_wconf 85' lang='lat' dir='ltr'><strong>venerunt.</strong></span> <span class='ocrx_word' id='word_1_19' title='bbox 719 799 856 861; x_wconf 89' lang='lat' dir='ltr'><strong>quorum</strong></span> <span class='ocrx_word' id='word_1_20' title='bbox 877 778 1025 864; x_wconf 87' lang='lat' dir='ltr'><strong>princeps</strong></span> <span class='ocrx_word' id='word_1_21' title='bbox 1043 780 1235 865; x_wconf 91' lang='lat' dir='ltr'><strong>Apollonius</strong></span> <span class='ocrx_word' id='word_1_22' title='bbox 1252 782 1286 848; x_wconf 94' lang='lat' dir='ltr'><strong>in</strong></span> 
     </span>
     <span class='ocr_line' id='line_1_4' title="bbox 271 872 1287 960; baseline 0.001 -19"><span class='ocrx_word' id='word_1_23' title='bbox 271 886 403 941; x_wconf 86' lang='lat' dir='ltr'><strong>enatum</strong></span> <span class='ocrx_word' id='word_1_24' title='bbox 419 872 619 938; x_wconf 87' lang='lat' dir='ltr'><strong>introductus</strong></span> <span class='ocrx_word' id='word_1_25' title='bbox 635 872 744 936; x_wconf 91' lang='lat' dir='ltr'><strong>multis</strong></span> <span class='ocrx_word' id='word_1_26' title='bbox 767 873 922 957; x_wconf 85' lang='lat' dir='ltr'><strong>iustisque</strong></span> <span class='ocrx_word' id='word_1_27' title='bbox 941 873 1045 938; x_wconf 88' lang='lat' dir='ltr'><strong>causis</strong></span> <span class='ocrx_word' id='word_1_28' title='bbox 1062 897 1172 960; x_wconf 90' lang='lat' dir='ltr'><strong>regem</strong></span> <span class='ocrx_word' id='word_1_29' title='bbox 1190 899 1287 942; x_wconf 85' lang='lat' dir='ltr'><strong>excu-</strong></span> 
     </span>
     <span class='ocr_line' id='line_1_5' title="bbox 271 966 1318 1054; baseline 0.005 -20"><span class='ocrx_word' id='word_1_30' title='bbox 271 970 350 1046; x_wconf 88' lang='lat' dir='ltr'><strong>avit‚</strong></span> <span class='ocrx_word' id='word_1_31' title='bbox 374 967 463 1052; x_wconf 90' lang='lat' dir='ltr'><strong>quod</strong></span> <span class='ocrx_word' id='word_1_32' title='bbox 480 966 674 1053; x_wconf 78' lang='lat' dir='ltr'><strong>stipendium</strong></span> <span class='ocrx_word' id='word_1_33' title='bbox 691 966 792 1032; x_wconf 88' lang='lat' dir='ltr'><strong>serius</strong></span> <span class='ocrx_word' id='word_1_34' title='bbox 811 969 918 1051; x_wconf 92' lang='lat' dir='ltr'><strong>quoad</strong></span> <span class='ocrx_word' id='word_1_35' title='bbox 940 967 1025 1033; x_wconf 91' lang='lat' dir='ltr'><strong>diem</strong></span> <span class='ocrx_word' id='word_1_36' title='bbox 1041 982 1229 1054; x_wconf 81' lang='lat' dir='ltr'><strong>praestaret:</strong></span> <span class='ocrx_word' id='word_1_37' title='bbox 1252 972 1286 1037; x_wconf 94' lang='lat' dir='ltr'><strong>id</strong></span> <span class='ocrx_word' id='word_1_38' title='bbox 1306 995 1318 1039; x_wconf 76' lang='lat' dir='ltr'><strong>r</strong></span> 
     </span>
     <span class='ocr_line' id='line_1_6' title="bbox 271 1061 1287 1153; baseline 0.002 -23"><span class='ocrx_word' id='word_1_39' title='bbox 271 1088 286 1130; x_wconf 88' lang='lat' dir='ltr'><strong>e</strong></span> <span class='ocrx_word' id='word_1_40' title='bbox 309 1081 408 1129; x_wconf 89' lang='lat' dir='ltr'><strong>omne</strong></span> <span class='ocrx_word' id='word_1_41' title='bbox 431 1062 612 1139; x_wconf 82' lang='lat' dir='ltr'><strong>advexisse,</strong></span> <span class='ocrx_word' id='word_1_42' title='bbox 638 1081 680 1125; x_wconf 86' lang='lat' dir='ltr'><strong>ne</strong></span> <span class='ocrx_word' id='word_1_43' title='bbox 705 1061 796 1126; x_wconf 86' lang='lat' dir='ltr'><strong>cuius</strong></span> <span class='ocrx_word' id='word_1_44' title='bbox 822 1062 884 1127; x_wconf 91' lang='lat' dir='ltr'><strong>nisi</strong></span> <span class='ocrx_word' id='word_1_45' title='bbox 910 1063 1062 1149; x_wconf 87' lang='lat' dir='ltr'><strong>temporis</strong></span> <span class='ocrx_word' id='word_1_46' title='bbox 1088 1066 1192 1149; x_wconf 87' lang='lat' dir='ltr'><strong>gratia</strong></span> <span class='ocrx_word' id='word_1_47' title='bbox 1217 1067 1287 1153; x_wconf 90' lang='lat' dir='ltr'><strong>regi</strong></span> 
     </span>
     <span class='ocr_line' id='line_1_7' title="bbox 271 1155 1284 1246; baseline 0.001 -21"><span class='ocrx_word' id='word_1_48' title='bbox 271 1173 353 1226; x_wconf 80' lang='lat' dir='ltr'><strong>:er-et.</strong></span> <span class='ocrx_word' id='word_1_49' title='bbox 400 1159 521 1223; x_wconf 91' lang='lat' dir='ltr'><strong>donum</strong></span> <span class='ocrx_word' id='word_1_50' title='bbox 538 1168 703 1244; x_wconf 86' lang='lat' dir='ltr'><strong>praeterea</strong></span> <span class='ocrx_word' id='word_1_51' title='bbox 720 1155 848 1233; x_wconf 83' lang='lat' dir='ltr'><strong>afferre,</strong></span> <span class='ocrx_word' id='word_1_52' title='bbox 867 1180 944 1223; x_wconf 86' lang='lat' dir='ltr'><strong>vasa</strong></span> <span class='ocrx_word' id='word_1_53' title='bbox 962 1181 1059 1225; x_wconf 86' lang='lat' dir='ltr'><strong>aurea</strong></span> <span class='ocrx_word' id='word_1_54' title='bbox 1076 1160 1284 1246; x_wconf 75' lang='lat' dir='ltr'><strong>quingentum</strong></span> 
     </span>
    </p>
   </div>
   <div class='ocr_carea' id='block_1_3' title="bbox 270 1254 1335 4270">
    <p class='ocr_par' dir='ltr' id='par_1_3' title="bbox 271 1254 1319 1623">
     <span class='ocr_line' id='line_1_8' title="bbox 271 1254 1319 1339; baseline 0.005 -20"><span class='ocrx_word' id='word_1_55' title='bbox 271 1254 374 1320; x_wconf 75' lang='lat' dir='ltr'><strong>undo.</strong></span> <span class='ocrx_word' id='word_1_56' title='bbox 418 1264 528 1339; x_wconf 86' lang='lat' dir='ltr'><strong>petere</strong></span> <span class='ocrx_word' id='word_1_57' title='bbox 545 1275 670 1338; x_wconf 84' lang='lat' dir='ltr'><strong>regem,</strong></span> <span class='ocrx_word' id='word_1_58' title='bbox 693 1264 745 1329; x_wconf 91' lang='lat' dir='ltr'><strong>ut,</strong></span> <span class='ocrx_word' id='word_1_59' title='bbox 768 1273 944 1336; x_wconf 91' lang='lat' dir='ltr'><strong>quaecum</strong></span> <span class='ocrx_word' id='word_1_60' title='bbox 965 1264 1056 1339; x_wconf 86' lang='lat' dir='ltr'><strong>patre</strong></span> <span class='ocrx_word' id='word_1_61' title='bbox 1074 1276 1132 1318; x_wconf 90' lang='lat' dir='ltr'><strong>suo</strong></span> <span class='ocrx_word' id='word_1_62' title='bbox 1151 1255 1284 1322; x_wconf 88' lang='lat' dir='ltr'><strong>societas</strong></span> <span class='ocrx_word' id='word_1_63' title='bbox 1303 1279 1319 1326; x_wconf 81' lang='lat' dir='ltr'><strong>a</strong></span> 
     </span>
     <span class='ocr_line' id='line_1_9' title="bbox 271 1345 1285 1435; baseline 0.001 -21"><span class='ocrx_word' id='word_1_64' title='bbox 271 1361 350 1433; x_wconf 86' lang='lat' dir='ltr'><strong>tque</strong></span> <span class='ocrx_word' id='word_1_65' title='bbox 371 1347 511 1413; x_wconf 86' lang='lat' dir='ltr'><strong>amicitia</strong></span> <span class='ocrx_word' id='word_1_66' title='bbox 533 1345 661 1424; x_wconf 82' lang='lat' dir='ltr'><strong>fuisset,</strong></span> <span class='ocrx_word' id='word_1_67' title='bbox 683 1369 724 1412; x_wconf 82' lang='lat' dir='ltr'><strong>ea</strong></span> <span class='ocrx_word' id='word_1_68' title='bbox 745 1369 854 1411; x_wconf 87' lang='lat' dir='ltr'><strong>secum</strong></span> <span class='ocrx_word' id='word_1_69' title='bbox 871 1358 1080 1414; x_wconf 82' lang='lat' dir='ltr'><strong>renovaretur</strong></span> <span class='ocrx_word' id='word_1_70' title='bbox 1100 1348 1285 1435; x_wconf 88' lang='lat' dir='ltr'><strong>imperaret·</strong></span> 
     </span>
     <span class='ocr_line' id='line_1_10' title="bbox 271 1441 1287 1531; baseline 0 -22"><span class='ocrx_word' id='word_1_71' title='bbox 271 1465 317 1527; x_wconf 58' lang='lat' dir='ltr'><strong>que</strong></span> <span class='ocrx_word' id='word_1_72' title='bbox 331 1443 396 1508; x_wconf 84' lang='lat' dir='ltr'><strong>sibi</strong></span> <span class='ocrx_word' id='word_1_73' title='bbox 414 1443 552 1529; x_wconf 90' lang='lat' dir='ltr'><strong>populus</strong></span> <span class='ocrx_word' id='word_1_74' title='bbox 561 1442 737 1519; x_wconf 86' lang='lat' dir='ltr'><strong>Romanus,</strong></span> <span class='ocrx_word' id='word_1_75' title='bbox 756 1462 839 1525; x_wconf 89' lang='lat' dir='ltr'><strong>quae</strong></span> <span class='ocrx_word' id='word_1_76' title='bbox 853 1441 938 1506; x_wconf 93' lang='lat' dir='ltr'><strong>bono</strong></span> <span class='ocrx_word' id='word_1_77' title='bbox 952 1442 1102 1527; x_wconf 86' lang='lat' dir='ltr'><strong>fidelique</strong></span> <span class='ocrx_word' id='word_1_78' title='bbox 1116 1445 1202 1510; x_wconf 91' lang='lat' dir='ltr'><strong>socio</strong></span> <span class='ocrx_word' id='word_1_79' title='bbox 1216 1445 1287 1531; x_wconf 87' lang='lat' dir='ltr'><strong>regi</strong></span> 
     </span>
     <span class='ocr_line' id='line_1_11' title="bbox 272 1535 1284 1623; baseline 0.002 -20"><span class='ocrx_word' id='word_1_80' title='bbox 272 1549 361 1603; x_wconf 87' lang='lat' dir='ltr'><strong>ssent</strong></span> <span class='ocrx_word' id='word_1_81' title='bbox 387 1535 589 1623; x_wconf 85' lang='lat' dir='ltr'><strong>imperanda3</strong></span> <span class='ocrx_word' id='word_1_82' title='bbox 617 1559 652 1600; x_wconf 86' lang='lat' dir='ltr'><strong>se</strong></span> <span class='ocrx_word' id='word_1_83' title='bbox 678 1535 766 1600; x_wconf 87' lang='lat' dir='ltr'><strong>nullo</strong></span> <span class='ocrx_word' id='word_1_84' title='bbox 789 1557 926 1620; x_wconf 91' lang='lat' dir='ltr'><strong>usquam</strong></span> <span class='ocrx_word' id='word_1_85' title='bbox 948 1547 1146 1602; x_wconf 87' lang='lat' dir='ltr'><strong>cessaturum</strong></span> <span class='ocrx_word' id='word_1_86' title='bbox 1169 1539 1284 1605; x_wconf 88' lang='lat' dir='ltr'><strong>officio.</strong></span> 
     </span>
    </p>

    <p class='ocr_par' dir='ltr' id='par_1_4' title="bbox 270 1628 1335 2756">
     <span class='ocr_line' id='line_1_12' title="bbox 271 1628 1318 1717; baseline 0.003 -21"><span class='ocrx_word' id='word_1_87' title='bbox 271 1655 292 1696; x_wconf 84' lang='lat' dir='ltr'><strong>a</strong></span> <span class='ocrx_word' id='word_1_88' title='bbox 308 1632 427 1698; x_wconf 86' lang='lat' dir='ltr'><strong>merita</strong></span> <span class='ocrx_word' id='word_1_89' title='bbox 443 1632 477 1695; x_wconf 92' lang='lat' dir='ltr'><strong>in</strong></span> <span class='ocrx_word' id='word_1_90' title='bbox 495 1628 561 1717; x_wconf 90' lang='lat' dir='ltr'><strong>[se]</strong></span> <span class='ocrx_word' id='word_1_91' title='bbox 580 1641 709 1696; x_wconf 81' lang='lat' dir='ltr'><strong>senatus</strong></span> <span class='ocrx_word' id='word_1_92' title='bbox 727 1629 841 1707; x_wconf 88' lang='lat' dir='ltr'><strong>fuisse,</strong></span> <span class='ocrx_word' id='word_1_93' title='bbox 864 1651 938 1696; x_wconf 90' lang='lat' dir='ltr'><strong>oum</strong></span> <span class='ocrx_word' id='word_1_94' title='bbox 956 1630 1079 1697; x_wconf 87' lang='lat' dir='ltr'><strong>Romae</strong></span> <span class='ocrx_word' id='word_1_95' title='bbox 1097 1645 1195 1710; x_wconf 87' lang='lat' dir='ltr'><strong>esset,</strong></span> <span class='ocrx_word' id='word_1_96' title='bbox 1213 1657 1284 1699; x_wconf 90' lang='lat' dir='ltr'><strong>eam</strong></span> <span class='ocrx_word' id='word_1_97' title='bbox 1303 1657 1318 1704; x_wconf 85' lang='lat' dir='ltr'><strong>s</strong></span> 
     </span>
     <span class='ocr_line' id='line_1_13' title="bbox 270 1725 1285 1811; baseline 0.002 -20"><span class='ocrx_word' id='word_1_98' title='bbox 270 1727 438 1792; x_wconf 87' lang='lat' dir='ltr'><strong>omitatem</strong></span> <span class='ocrx_word' id='word_1_99' title='bbox 454 1725 638 1800; x_wconf 88' lang='lat' dir='ltr'><strong>iuventutis,</strong></span> <span class='ocrx_word' id='word_1_100' title='bbox 657 1736 693 1789; x_wconf 92' lang='lat' dir='ltr'><strong>ut</strong></span> <span class='ocrx_word' id='word_1_101' title='bbox 709 1745 768 1810; x_wconf 90' lang='lat' dir='ltr'><strong>pro</strong></span> <span class='ocrx_word' id='word_1_102' title='bbox 785 1747 877 1810; x_wconf 88' lang='lat' dir='ltr'><strong>rege,</strong></span> <span class='ocrx_word' id='word_1_103' title='bbox 895 1746 961 1790; x_wconf 92' lang='lat' dir='ltr'><strong>non</strong></span> <span class='ocrx_word' id='word_1_104' title='bbox 977 1747 1035 1811; x_wconf 92' lang='lat' dir='ltr'><strong>pro</strong></span> <span class='ocrx_word' id='word_1_105' title='bbox 1054 1726 1165 1792; x_wconf 85' lang='lat' dir='ltr'><strong>obside</strong></span> <span class='ocrx_word' id='word_1_106' title='bbox 1183 1730 1285 1793; x_wconf 92' lang='lat' dir='ltr'><strong>omni-</strong></span> 
     </span>
     <span class='ocr_line' id='line_1_14' title="bbox 271 1819 1335 1906; baseline 0.005 -20"><span class='ocrx_word' id='word_1_107' title='bbox 271 1843 311 1886; x_wconf 89' lang='lat' dir='ltr'><strong>·us</strong></span> <span class='ocrx_word' id='word_1_108' title='bbox 336 1820 504 1885; x_wconf 81' lang='lat' dir='ltr'><strong>ordinibus</strong></span> <span class='ocrx_word' id='word_1_109' title='bbox 526 1819 632 1885; x_wconf 82' lang='lat' dir='ltr'><strong>fuerit</strong></span> <span class='ocrx_word' id='word_1_110' title='bbox 654 1865 658 1870; x_wconf 92' lang='lat'>-</span> <span class='ocrx_word' id='word_1_111' title='bbox 676 1819 790 1905; x_wconf 87' lang='lat' dir='ltr'><strong>legatis</strong></span> <span class='ocrx_word' id='word_1_112' title='bbox 813 1820 952 1906; x_wconf 88' lang='lat' dir='ltr'><strong>benigne</strong></span> <span class='ocrx_word' id='word_1_113' title='bbox 973 1842 1160 1906; x_wconf 86' lang='lat' dir='ltr'><strong>responsum</strong></span> <span class='ocrx_word' id='word_1_114' title='bbox 1179 1832 1212 1886; x_wconf 91' lang='lat' dir='ltr'><strong>et</strong></span> <span class='ocrx_word' id='word_1_115' title='bbox 1233 1844 1284 1887; x_wconf 86' lang='lat' dir='ltr'><strong>so-</strong></span> <span class='ocrx_word' id='word_1_116' title='bbox 1304 1846 1335 1892; x_wconf 81' lang='lat'><strong>10</strong></span> 
     </span>
     <span class='ocr_line' id='line_1_15' title="bbox 271 1914 1283 2000; baseline 0.001 -21"><span class='ocrx_word' id='word_1_117' title='bbox 271 1915 404 1981; x_wconf 86' lang='lat' dir='ltr'><strong>ietatem</strong></span> <span class='ocrx_word' id='word_1_118' title='bbox 425 1936 580 1979; x_wconf 84' lang='lat' dir='ltr'><strong>renovare</strong></span> <span class='ocrx_word' id='word_1_119' title='bbox 601 1935 676 1979; x_wconf 92' lang='lat' dir='ltr'><strong>cum</strong></span> <span class='ocrx_word' id='word_1_120' title='bbox 698 1914 878 1990; x_wconf 79' lang='lat' dir='ltr'><strong>Antiocho,</strong></span> <span class='ocrx_word' id='word_1_121' title='bbox 905 1936 988 1999; x_wconf 88' lang='lat' dir='ltr'><strong>quae</strong></span> <span class='ocrx_word' id='word_1_122' title='bbox 1010 1936 1083 1979; x_wconf 92' lang='lat' dir='ltr'><strong>cum</strong></span> <span class='ocrx_word' id='word_1_123' title='bbox 1105 1926 1197 2000; x_wconf 87' lang='lat' dir='ltr'><strong>patro</strong></span> <span class='ocrx_word' id='word_1_124' title='bbox 1215 1915 1283 1981; x_wconf 88' lang='lat' dir='ltr'><strong>eius</strong></span> 
     </span>
     <span class='ocr_line' id='line_1_16' title="bbox 271 2009 1333 2095; baseline 0.006 -21"><span class='ocrx_word' id='word_1_125' title='bbox 271 2021 372 2086; x_wconf 86' lang='lat' dir='ltr'><strong>uerat,</strong></span> <span class='ocrx_word' id='word_1_126' title='bbox 400 2009 445 2073; x_wconf 88' lang='lat' dir='ltr'><strong>A.</strong></span> <span class='ocrx_word' id='word_1_127' title='bbox 466 2009 586 2073; x_wconf 82' lang='lat' dir='ltr'><strong>Atilius</strong></span> <span class='ocrx_word' id='word_1_128' title='bbox 612 2019 740 2095; x_wconf 85' lang='lat' dir='ltr'><strong>praetor</strong></span> <span class='ocrx_word' id='word_1_129' title='bbox 764 2009 907 2074; x_wconf 86' lang='lat' dir='ltr'><strong>urbanus</strong></span> <span class='ocrx_word' id='word_1_130' title='bbox 933 2010 1049 2075; x_wconf 92' lang='lat' dir='ltr'><strong>iussus.</strong></span> <span class='ocrx_word' id='word_1_131' title='bbox 1099 2021 1284 2094; x_wconf 83' lang='lat' dir='ltr'><strong>quaestores</strong></span> <span class='ocrx_word' id='word_1_132' title='bbox 1304 2034 1333 2081; x_wconf 88' lang='lat'><strong>11</strong></span> 
     </span>
     <span class='ocr_line' id='line_1_17' title="bbox 271 2104 1283 2190; baseline 0.002 -22"><span class='ocrx_word' id='word_1_133' title='bbox 271 2104 369 2169; x_wconf 88' lang='lat' dir='ltr'><strong>rbani</strong></span> <span class='ocrx_word' id='word_1_134' title='bbox 384 2104 588 2190; x_wconf 87' lang='lat' dir='ltr'><strong>stipendium,</strong></span> <span class='ocrx_word' id='word_1_135' title='bbox 598 2127 677 2169; x_wconf 83' lang='lat' dir='ltr'><strong>vasa</strong></span> <span class='ocrx_word' id='word_1_136' title='bbox 691 2127 788 2169; x_wconf 86' lang='lat' dir='ltr'><strong>aurea</strong></span> <span class='ocrx_word' id='word_1_137' title='bbox 798 2123 945 2170; x_wconf 82' lang='lat' dir='ltr'><strong>censores</strong></span> <span class='ocrx_word' id='word_1_138' title='bbox 960 2116 1160 2189; x_wconf 80' lang='lat' dir='ltr'><strong>acceperunt,</strong></span> <span class='ocrx_word' id='word_1_139' title='bbox 1174 2105 1283 2189; x_wconf 82' lang='lat' dir='ltr'><strong>eisque</strong></span> 
     </span>
     <span class='ocr_line' id='line_1_18' title="bbox 271 2197 1284 2285; baseline 0 -23"><span class='ocrx_word' id='word_1_140' title='bbox 271 2199 419 2285; x_wconf 87' lang='lat' dir='ltr'><strong>egotium</strong></span> <span class='ocrx_word' id='word_1_141' title='bbox 447 2198 557 2263; x_wconf 90' lang='lat' dir='ltr'><strong>datum</strong></span> <span class='ocrx_word' id='word_1_142' title='bbox 579 2209 642 2275; x_wconf 88' lang='lat' dir='ltr'><strong>est,</strong></span> <span class='ocrx_word' id='word_1_143' title='bbox 670 2208 706 2262; x_wconf 86' lang='lat' dir='ltr'><strong>ut</strong></span> <span class='ocrx_word' id='word_1_144' title='bbox 727 2210 882 2284; x_wconf 86' lang='lat' dir='ltr'><strong>ponerent</strong></span> <span class='ocrx_word' id='word_1_145' title='bbox 905 2221 944 2264; x_wconf 89' lang='lat' dir='ltr'><strong>ea</strong></span> <span class='ocrx_word' id='word_1_146' title='bbox 964 2198 998 2262; x_wconf 93' lang='lat' dir='ltr'><strong>in</strong></span> <span class='ocrx_word' id='word_1_147' title='bbox 1020 2197 1137 2282; x_wconf 90' lang='lat' dir='ltr'><strong>quibus</strong></span> <span class='ocrx_word' id='word_1_148' title='bbox 1158 2198 1284 2284; x_wconf 89' lang='lat' dir='ltr'><strong>templis</strong></span> 
     </span>
     <span class='ocr_line' id='line_1_19' title="bbox 271 2293 1283 2378; baseline -0.002 -20"><span class='ocrx_word' id='word_1_149' title='bbox 271 2294 430 2370; x_wconf 84' lang='lat' dir='ltr'><strong>ideretur3</strong></span> <span class='ocrx_word' id='word_1_150' title='bbox 453 2293 558 2378; x_wconf 87' lang='lat' dir='ltr'><strong>legato</strong></span> <span class='ocrx_word' id='word_1_151' title='bbox 577 2307 705 2358; x_wconf 91' lang='lat' dir='ltr'><strong>centum</strong></span> <span class='ocrx_word' id='word_1_152' title='bbox 727 2293 851 2358; x_wconf 90' lang='lat' dir='ltr'><strong>milium</strong></span> <span class='ocrx_word' id='word_1_153' title='bbox 868 2293 949 2358; x_wconf 89' lang='lat' dir='ltr'><strong>aeris</strong></span> <span class='ocrx_word' id='word_1_154' title='bbox 967 2315 1084 2358; x_wconf 91' lang='lat' dir='ltr'><strong>munus</strong></span> <span class='ocrx_word' id='word_1_155' title='bbox 1101 2293 1233 2358; x_wconf 89' lang='lat' dir='ltr'><strong>missum</strong></span> <span class='ocrx_word' id='word_1_156' title='bbox 1252 2304 1283 2358; x_wconf 87' lang='lat' dir='ltr'><strong>et</strong></span> 
     </span>
     <span class='ocr_line' id='line_1_20' title="bbox 271 2379 1283 2473; baseline -0.003 -19"><span class='ocrx_word' id='word_1_157' title='bbox 271 2387 347 2454; x_wconf 87' lang='lat' dir='ltr'><strong>edes</strong></span> <span class='ocrx_word' id='word_1_158' title='bbox 363 2387 487 2452; x_wconf 90' lang='lat' dir='ltr'><strong>liberae</strong></span> <span class='ocrx_word' id='word_1_159' title='bbox 505 2379 642 2472; x_wconf 82' lang='lat' dir='ltr'><strong>bospitio</strong></span> <span class='ocrx_word' id='word_1_160' title='bbox 660 2387 754 2452; x_wconf 87' lang='lat' dir='ltr'><strong>datae</strong></span> <span class='ocrx_word' id='word_1_161' title='bbox 773 2398 984 2473; x_wconf 90' lang='lat' dir='ltr'><strong>sumptusque</strong></span> <span class='ocrx_word' id='word_1_162' title='bbox 1002 2386 1163 2462; x_wconf 90' lang='lat' dir='ltr'><strong>decretus,</strong></span> <span class='ocrx_word' id='word_1_163' title='bbox 1181 2386 1283 2451; x_wconf 89' lang='lat' dir='ltr'><strong>donec</strong></span> 
     </span>
     <span class='ocr_line' id='line_1_21' title="bbox 271 2480 1333 2566; baseline -0.001 -20"><span class='ocrx_word' id='word_1_164' title='bbox 271 2483 401 2547; x_wconf 84' lang='lat' dir='ltr'><strong>nltalia</strong></span> <span class='ocrx_word' id='word_1_165' title='bbox 418 2491 512 2546; x_wconf 90' lang='lat' dir='ltr'><strong>esset.</strong></span> <span class='ocrx_word' id='word_1_166' title='bbox 556 2481 667 2566; x_wconf 85' lang='lat' dir='ltr'><strong>legati,</strong></span> <span class='ocrx_word' id='word_1_167' title='bbox 685 2482 741 2566; x_wconf 94' lang='lat' dir='ltr'><strong>qui</strong></span> <span class='ocrx_word' id='word_1_168' title='bbox 757 2482 791 2545; x_wconf 93' lang='lat' dir='ltr'><strong>in</strong></span> <span class='ocrx_word' id='word_1_169' title='bbox 810 2480 906 2566; x_wconf 87' lang='lat' dir='ltr'><strong>Syria</strong></span> <span class='ocrx_word' id='word_1_170' title='bbox 922 2482 1063 2556; x_wconf 86' lang='lat' dir='ltr'><strong>fuerant,</strong></span> <span class='ocrx_word' id='word_1_171' title='bbox 1081 2480 1283 2545; x_wconf 63' lang='lat' dir='ltr'><strong>renuntiare*</strong></span> <span class='ocrx_word' id='word_1_172' title='bbox 1303 2505 1333 2553; x_wconf 77' lang='lat'><strong>12</strong></span> 
     </span>
     <span class='ocr_line' id='line_1_22' title="bbox 271 2572 1283 2662; baseline -0.001 -22"><span class='ocrx_word' id='word_1_173' title='bbox 271 2589 343 2653; x_wconf 78' lang='lat' dir='ltr'><strong>ant,</strong></span> <span class='ocrx_word' id='word_1_174' title='bbox 365 2577 401 2641; x_wconf 88' lang='lat' dir='ltr'><strong>in</strong></span> <span class='ocrx_word' id='word_1_175' title='bbox 421 2576 563 2640; x_wconf 88' lang='lat' dir='ltr'><strong>maximo</strong></span> <span class='ocrx_word' id='word_1_176' title='bbox 581 2597 655 2641; x_wconf 91' lang='lat' dir='ltr'><strong>eum</strong></span> <span class='ocrx_word' id='word_1_177' title='bbox 676 2575 796 2642; x_wconf 89' lang='lat' dir='ltr'><strong>honore</strong></span> <span class='ocrx_word' id='word_1_178' title='bbox 814 2588 893 2662; x_wconf 86' lang='lat' dir='ltr'><strong>aput</strong></span> <span class='ocrx_word' id='word_1_179' title='bbox 914 2595 1024 2661; x_wconf 88' lang='lat' dir='ltr'><strong>regem</strong></span> <span class='ocrx_word' id='word_1_180' title='bbox 1042 2595 1112 2640; x_wconf 84' lang='lat' dir='ltr'><strong>essa</strong></span> <span class='ocrx_word' id='word_1_181' title='bbox 1130 2572 1283 2640; x_wconf 89' lang='lat' dir='ltr'><strong>amicissi-</strong></span> 
     </span>
     <span class='ocr_line' id='line_1_23' title="bbox 271 2670 720 2756; baseline 0.004 -23"><span class='ocrx_word' id='word_1_182' title='bbox 271 2689 407 2753; x_wconf 85' lang='lat' dir='ltr'><strong>numqno</strong></span> <span class='ocrx_word' id='word_1_183' title='bbox 423 2671 545 2756; x_wconf 90' lang='lat' dir='ltr'><strong>populo</strong></span> <span class='ocrx_word' id='word_1_184' title='bbox 562 2670 720 2735; x_wconf 91' lang='lat' dir='ltr'><strong>Romano.</strong></span> 
     </span>
    </p>

    <p class='ocr_par' dir='ltr' id='par_1_5' title="bbox 271 2761 1315 3229">
     <span class='ocr_line' id='line_1_24' title="bbox 321 2761 1314 2850; baseline -0.004 -18"><span class='ocrx_word' id='word_1_185' title='bbox 321 2763 397 2832; x_wconf 82' lang='lat' dir='ltr'><strong>VH.</strong></span> <span class='ocrx_word' id='word_1_186' title='bbox 423 2765 466 2829; x_wconf 91' lang='lat' dir='ltr'><strong>In</strong></span> <span class='ocrx_word' id='word_1_187' title='bbox 482 2765 653 2850; x_wconf 83' lang='lat' dir='ltr'><strong>provinciis</strong></span> <span class='ocrx_word' id='word_1_188' title='bbox 671 2787 710 2830; x_wconf 87' lang='lat' dir='ltr'><strong>eo</strong></span> <span class='ocrx_word' id='word_1_189' title='bbox 728 2785 811 2830; x_wconf 88' lang='lat' dir='ltr'><strong>anno</strong></span> <span class='ocrx_word' id='word_1_190' title='bbox 829 2765 918 2829; x_wconf 86' lang='lat' dir='ltr'><strong>haec.</strong></span> <span class='ocrx_word' id='word_1_191' title='bbox 951 2761 990 2828; x_wconf 84' lang='lat' dir='ltr'><strong>C.</strong></span> <span class='ocrx_word' id='word_1_192' title='bbox 1010 2761 1173 2829; x_wconf 87' lang='lat' dir='ltr'><strong>Cicereius</strong></span> <span class='ocrx_word' id='word_1_193' title='bbox 1190 2785 1314 2849; x_wconf 87' lang='lat' dir='ltr'><strong>prae-1</strong></span> 
     </span>
     <span class='ocr_line' id='line_1_25' title="bbox 271 2855 1283 2946; baseline 0 -22"><span class='ocrx_word' id='word_1_194' title='bbox 271 2880 303 2924; x_wconf 88' lang='lat' dir='ltr'><strong>or</strong></span> <span class='ocrx_word' id='word_1_195' title='bbox 314 2859 349 2924; x_wconf 93' lang='lat' dir='ltr'><strong>in</strong></span> <span class='ocrx_word' id='word_1_196' title='bbox 363 2858 500 2925; x_wconf 76' lang='lat' dir='ltr'><strong>Corsica</strong></span> <span class='ocrx_word' id='word_1_197' title='bbox 513 2859 612 2945; x_wconf 89' lang='lat' dir='ltr'><strong>signis</strong></span> <span class='ocrx_word' id='word_1_198' title='bbox 626 2860 759 2925; x_wconf 88' lang='lat' dir='ltr'><strong>conlatis</strong></span> <span class='ocrx_word' id='word_1_199' title='bbox 776 2859 946 2946; x_wconf 82' lang='lat' dir='ltr'><strong>pugnavit3</strong></span> <span class='ocrx_word' id='word_1_200' title='bbox 965 2870 1087 2944; x_wconf 86' lang='lat' dir='ltr'><strong>septem</strong></span> <span class='ocrx_word' id='word_1_201' title='bbox 1104 2858 1192 2923; x_wconf 91' lang='lat' dir='ltr'><strong>milia</strong></span> <span class='ocrx_word' id='word_1_202' title='bbox 1201 2855 1283 2924; x_wconf 84' lang='lat' dir='ltr'><strong>Cor-</strong></span> 
     </span>
     <span class='ocr_line' id='line_1_26' title="bbox 271 2953 1282 3041; baseline -0.003 -22"><span class='ocrx_word' id='word_1_203' title='bbox 271 2975 362 3019; x_wconf 86' lang='lat' dir='ltr'><strong>omm</strong></span> <span class='ocrx_word' id='word_1_204' title='bbox 380 2975 486 3031; x_wconf 86' lang='lat' dir='ltr'><strong>caesa,</strong></span> <span class='ocrx_word' id='word_1_205' title='bbox 504 2954 588 3040; x_wconf 89' lang='lat' dir='ltr'><strong>capti</strong></span> <span class='ocrx_word' id='word_1_206' title='bbox 606 2955 742 3041; x_wconf 88' lang='lat' dir='ltr'><strong>amplius</strong></span> <span class='ocrx_word' id='word_1_207' title='bbox 758 2955 846 3020; x_wconf 84' lang='lat' dir='ltr'><strong>mille</strong></span> <span class='ocrx_word' id='word_1_208' title='bbox 864 2966 896 3019; x_wconf 89' lang='lat' dir='ltr'><strong>et</strong></span> <span class='ocrx_word' id='word_1_209' title='bbox 913 2953 1115 3040; x_wconf 87' lang='lat' dir='ltr'><strong>septingenti.</strong></span> <span class='ocrx_word' id='word_1_210' title='bbox 1151 2965 1282 3018; x_wconf 88' lang='lat' dir='ltr'><strong>voverat</strong></span> 
     </span>
     <span class='ocr_line' id='line_1_27' title="bbox 271 3048 1315 3134; baseline -0.001 -21"><span class='ocrx_word' id='word_1_211' title='bbox 271 3071 343 3114; x_wconf 88' lang='lat' dir='ltr'><strong>usa</strong></span> <span class='ocrx_word' id='word_1_212' title='bbox 360 3071 473 3134; x_wconf 88' lang='lat' dir='ltr'><strong>pugna</strong></span> <span class='ocrx_word' id='word_1_213' title='bbox 489 3060 617 3134; x_wconf 88' lang='lat' dir='ltr'><strong>praetor</strong></span> <span class='ocrx_word' id='word_1_214' title='bbox 634 3050 748 3115; x_wconf 88' lang='lat' dir='ltr'><strong>aedem</strong></span> <span class='ocrx_word' id='word_1_215' title='bbox 764 3050 881 3114; x_wconf 89' lang='lat' dir='ltr'><strong>Iunoni</strong></span> <span class='ocrx_word' id='word_1_216' title='bbox 893 3049 1057 3113; x_wconf 87' lang='lat' dir='ltr'><strong>Monetae.</strong></span> <span class='ocrx_word' id='word_1_217' title='bbox 1083 3070 1148 3133; x_wconf 85' lang='lat' dir='ltr'><strong>pax</strong></span> <span class='ocrx_word' id='word_1_218' title='bbox 1166 3048 1281 3112; x_wconf 88' lang='lat' dir='ltr'><strong>deinde</strong></span> <span class='ocrx_word' id='word_1_219' title='bbox 1300 3073 1315 3118; x_wconf 76' lang='lat'><strong>2</strong></span> 
     </span>
     <span class='ocr_line' id='line_1_28' title="bbox 271 3142 1281 3229; baseline -0.003 -21"><span class='ocrx_word' id='word_1_220' title='bbox 271 3145 328 3210; x_wconf 82' lang='lat' dir='ltr'><strong>lata</strong></span> <span class='ocrx_word' id='word_1_221' title='bbox 342 3143 527 3229; x_wconf 87' lang='lat' dir='ltr'><strong>petentibus</strong></span> <span class='ocrx_word' id='word_1_222' title='bbox 537 3142 658 3222; x_wconf 86' lang='lat' dir='ltr'><strong>Corsis,</strong></span> <span class='ocrx_word' id='word_1_223' title='bbox 668 3157 699 3211; x_wconf 88' lang='lat' dir='ltr'><strong>et</strong></span> <span class='ocrx_word' id='word_1_224' title='bbox 709 3156 822 3211; x_wconf 83' lang='lat' dir='ltr'><strong>exacta</strong></span> <span class='ocrx_word' id='word_1_225' title='bbox 830 3167 922 3211; x_wconf 87' lang='lat' dir='ltr'><strong>cerae</strong></span> <span class='ocrx_word' id='word_1_226' title='bbox 931 3145 1056 3209; x_wconf 80' lang='lat' dir='ltr'><strong>ducena</strong></span> <span class='ocrx_word' id='word_1_227' title='bbox 1064 3143 1151 3207; x_wconf 90' lang='lat' dir='ltr'><strong>milia</strong></span> <span class='ocrx_word' id='word_1_228' title='bbox 1164 3143 1281 3227; x_wconf 91' lang='lat' dir='ltr'><strong>pondo.</strong></span> 
     </span>
    </p>

    <p class='ocr_par' dir='ltr' id='par_1_6' title="bbox 271 3237 1316 4270">
     <span class='ocr_line' id='line_1_29' title="bbox 272 3237 1316 3308; baseline 0.001 -4"><span class='ocrx_word' id='word_1_229' title='bbox 272 3263 293 3304; x_wconf 85' lang='lat' dir='ltr'>x</span> <span class='ocrx_word' id='word_1_230' title='bbox 306 3237 444 3305; x_wconf 85' lang='lat' dir='ltr'><strong>Corsica</strong></span> <span class='ocrx_word' id='word_1_231' title='bbox 462 3240 595 3305; x_wconf 90' lang='lat' dir='ltr'><strong>subacta</strong></span> <span class='ocrx_word' id='word_1_232' title='bbox 608 3239 771 3307; x_wconf 82' lang='lat' dir='ltr'><strong>Cicereius</strong></span> <span class='ocrx_word' id='word_1_233' title='bbox 788 3242 823 3306; x_wconf 93' lang='lat' dir='ltr'><strong>in</strong></span> <span class='ocrx_word' id='word_1_234' title='bbox 843 3240 1023 3308; x_wconf 83' lang='lat' dir='ltr'><strong>Sardiniam</strong></span> <span class='ocrx_word' id='word_1_235' title='bbox 1040 3239 1223 3304; x_wconf 88' lang='lat' dir='ltr'><strong>transmisit.</strong></span> <span class='ocrx_word' id='word_1_236' title='bbox 1250 3255 1282 3304; x_wconf 88' lang='lat' dir='ltr'><strong>et</strong></span> <span class='ocrx_word' id='word_1_237' title='bbox 1301 3260 1316 3305; x_wconf 82' lang='lat'><strong>3</strong></span> 
     </span>
     <span class='ocr_line' id='line_1_30' title="bbox 271 3323 1282 3422; baseline 0.001 -25"><span class='ocrx_word' id='word_1_238' title='bbox 271 3357 285 3397; x_wconf 89' lang='lat' dir='ltr'><strong>u</strong></span> <span class='ocrx_word' id='word_1_239' title='bbox 306 3333 487 3419; x_wconf 88' lang='lat' dir='ltr'><strong>Liguribus</strong></span> <span class='ocrx_word' id='word_1_240' title='bbox 513 3335 546 3398; x_wconf 93' lang='lat' dir='ltr'><strong>in</strong></span> <span class='ocrx_word' id='word_1_241' title='bbox 572 3358 650 3421; x_wconf 86' lang='lat' dir='ltr'><strong>agro</strong></span> <span class='ocrx_word' id='word_1_242' title='bbox 673 3334 832 3402; x_wconf 88' lang='lat' dir='ltr'><strong>Statellati</strong></span> <span class='ocrx_word' id='word_1_243' title='bbox 858 3345 1038 3422; x_wconf 91' lang='lat' dir='ltr'><strong>pugnatum</strong></span> <span class='ocrx_word' id='word_1_244' title='bbox 1063 3333 1106 3399; x_wconf 90' lang='lat' dir='ltr'><strong>ad</strong></span> <span class='ocrx_word' id='word_1_245' title='bbox 1128 3323 1282 3419; x_wconf 92' lang='lat' dir='ltr'><strong>oppidum</strong></span> 
     </span>
     <span class='ocr_line' id='line_1_31' title="bbox 271 3423 1281 3517; baseline -0.001 -25"><span class='ocrx_word' id='word_1_246' title='bbox 271 3423 440 3512; x_wconf 57' lang='lat' dir='ltr'><strong>lavatum.</strong></span> <span class='ocrx_word' id='word_1_247' title='bbox 476 3449 515 3494; x_wconf 87' lang='lat' dir='ltr'><strong>eo</strong></span> <span class='ocrx_word' id='word_1_248' title='bbox 533 3451 567 3494; x_wconf 91' lang='lat' dir='ltr'><strong>se</strong></span> <span class='ocrx_word' id='word_1_249' title='bbox 584 3451 720 3517; x_wconf 88' lang='lat' dir='ltr'><strong>magnus</strong></span> <span class='ocrx_word' id='word_1_250' title='bbox 738 3431 896 3495; x_wconf 87' lang='lat' dir='ltr'><strong>exercitus</strong></span> <span class='ocrx_word' id='word_1_251' title='bbox 913 3430 1074 3515; x_wconf 81' lang='lat' dir='ltr'><strong>Ligurum</strong></span> <span class='ocrx_word' id='word_1_252' title='bbox 1095 3428 1281 3493; x_wconf 79' lang='lat' dir='ltr'><strong>contulerat.</strong></span> 
     </span>
     <span class='ocr_line' id='line_1_32' title="bbox 271 3522 1316 3611; baseline 0.004 -26"><span class='ocrx_word' id='word_1_253' title='bbox 271 3522 357 3586; x_wconf 73' lang='lat' dir='ltr'><strong>trimo</strong></span> <span class='ocrx_word' id='word_1_254' title='bbox 379 3522 441 3586; x_wconf 92' lang='lat' dir='ltr'><strong>sub</strong></span> <span class='ocrx_word' id='word_1_255' title='bbox 465 3523 638 3589; x_wconf 83' lang='lat' dir='ltr'><strong>adventum</strong></span> <span class='ocrx_word' id='word_1_256' title='bbox 654 3524 704 3589; x_wconf 92' lang='lat' dir='ltr'><strong>M.</strong></span> <span class='ocrx_word' id='word_1_257' title='bbox 721 3525 841 3611; x_wconf 87' lang='lat' dir='ltr'><strong>Popilli</strong></span> <span class='ocrx_word' id='word_1_258' title='bbox 862 3523 1000 3589; x_wconf 90' lang='lat' dir='ltr'><strong>consulis</strong></span> <span class='ocrx_word' id='word_1_259' title='bbox 1022 3522 1190 3588; x_wconf 87' lang='lat' dir='ltr'><strong>moenibus</strong></span> <span class='ocrx_word' id='word_1_260' title='bbox 1212 3544 1281 3587; x_wconf 88' lang='lat' dir='ltr'><strong>sese</strong></span> <span class='ocrx_word' id='word_1_261' title='bbox 1299 3544 1316 3589; x_wconf 83' lang='lat'>4</span> 
     </span>
     <span class='ocr_line' id='line_1_33' title="bbox 271 3615 1281 3704; baseline 0.001 -25"><span class='ocrx_word' id='word_1_262' title='bbox 271 3615 477 3693; x_wconf 84' lang='lat' dir='ltr'><strong>ontinebant3</strong></span> <span class='ocrx_word' id='word_1_263' title='bbox 505 3617 619 3683; x_wconf 88' lang='lat' dir='ltr'><strong>deinde</strong></span> <span class='ocrx_word' id='word_1_264' title='bbox 644 3630 814 3704; x_wconf 88' lang='lat' dir='ltr'><strong>postquam</strong></span> <span class='ocrx_word' id='word_1_265' title='bbox 842 3617 996 3704; x_wconf 94' lang='lat' dir='ltr'><strong>oppidum</strong></span> <span class='ocrx_word' id='word_1_266' title='bbox 1021 3628 1281 3702; x_wconf 86' lang='lat' dir='ltr'><strong>oppugnatmum</strong></span> 
     </span>
     <span class='ocr_line' id='line_1_34' title="bbox 271 3707 1283 3798; baseline 0.003 -25"><span class='ocrx_word' id='word_1_267' title='bbox 271 3707 438 3774; x_wconf 76' lang='lat' dir='ltr'><strong>lomanum</strong></span> <span class='ocrx_word' id='word_1_268' title='bbox 452 3711 632 3789; x_wconf 84' lang='lat' dir='ltr'><strong>cernebant,</strong></span> <span class='ocrx_word' id='word_1_269' title='bbox 650 3714 811 3798; x_wconf 79' lang='lat' dir='ltr'><strong>progressi</strong></span> <span class='ocrx_word' id='word_1_270' title='bbox 823 3725 897 3778; x_wconf 91' lang='lat' dir='ltr'><strong>ante</strong></span> <span class='ocrx_word' id='word_1_271' title='bbox 914 3722 1023 3797; x_wconf 89' lang='lat' dir='ltr'><strong>portas</strong></span> <span class='ocrx_word' id='word_1_272' title='bbox 1041 3711 1142 3776; x_wconf 83' lang='lat' dir='ltr'><strong>aciem</strong></span> <span class='ocrx_word' id='word_1_273' title='bbox 1160 3721 1283 3776; x_wconf 86' lang='lat' dir='ltr'><strong>struxe-</strong></span> 
     </span>
     <span class='ocr_line' id='line_1_35' title="bbox 271 3806 1315 3894; baseline 0.004 -26"><span class='ocrx_word' id='word_1_274' title='bbox 271 3817 338 3869; x_wconf 85' lang='lat' dir='ltr'><strong>unt.</strong></span> <span class='ocrx_word' id='word_1_275' title='bbox 374 3826 435 3870; x_wconf 91' lang='lat' dir='ltr'><strong>nec</strong></span> <span class='ocrx_word' id='word_1_276' title='bbox 452 3808 579 3885; x_wconf 81' lang='lat' dir='ltr'><strong>consul,</strong></span> <span class='ocrx_word' id='word_1_277' title='bbox 596 3818 633 3872; x_wconf 87' lang='lat' dir='ltr'><strong>ut</strong></span> <span class='ocrx_word' id='word_1_278' title='bbox 650 3808 706 3892; x_wconf 92' lang='lat' dir='ltr'><strong>qui</strong></span> <span class='ocrx_word' id='word_1_279' title='bbox 723 3808 756 3872; x_wconf 94' lang='lat' dir='ltr'><strong>id</strong></span> <span class='ocrx_word' id='word_1_280' title='bbox 772 3808 879 3894; x_wconf 90' lang='lat' dir='ltr'><strong>ipsum</strong></span> <span class='ocrx_word' id='word_1_281' title='bbox 897 3806 1134 3892; x_wconf 83' lang='lat' dir='ltr'><strong>oppugnatione</strong></span> <span class='ocrx_word' id='word_1_282' title='bbox 1153 3806 1282 3870; x_wconf 89' lang='lat' dir='ltr'><strong>commi·</strong></span> <span class='ocrx_word' id='word_1_283' title='bbox 1300 3825 1315 3872; x_wconf 81' lang='lat'>5</span> 
     </span>
     <span class='ocr_line' id='line_1_36' title="bbox 271 3899 1282 3986; baseline -0.001 -24"><span class='ocrx_word' id='word_1_284' title='bbox 271 3899 362 3963; x_wconf 81' lang='lat' dir='ltr'><strong>tanda</strong></span> <span class='ocrx_word' id='word_1_285' title='bbox 379 3900 566 3983; x_wconf 80' lang='lat' dir='ltr'><strong>quaesisset,</strong></span> <span class='ocrx_word' id='word_1_286' title='bbox 583 3924 706 3967; x_wconf 88' lang='lat' dir='ltr'><strong>moram</strong></span> <span class='ocrx_word' id='word_1_287' title='bbox 724 3901 891 3967; x_wconf 82' lang='lat' dir='ltr'><strong>certamini·</strong></span> <span class='ocrx_word' id='word_1_288' title='bbox 906 3901 991 3966; x_wconf 84' lang='lat' dir='ltr'><strong>fecit.</strong></span> <span class='ocrx_word' id='word_1_289' title='bbox 1018 3911 1197 3986; x_wconf 86' lang='lat' dir='ltr'><strong>pugnatum</strong></span> <span class='ocrx_word' id='word_1_290' title='bbox 1215 3915 1282 3962; x_wconf 85' lang='lat' dir='ltr'><strong>am·</strong></span> 
     </span>
     <span class='ocr_line' id='line_1_37' title="bbox 271 3990 1314 4079; baseline -0.002 -23"><span class='ocrx_word' id='word_1_291' title='bbox 271 3992 338 4058; x_wconf 69' lang='lat' dir='ltr'><strong>»lius</strong></span> <span class='ocrx_word' id='word_1_292' title='bbox 357 3994 415 4058; x_wconf 88' lang='lat' dir='ltr'><strong>tris</strong></span> <span class='ocrx_word' id='word_1_293' title='bbox 433 4006 482 4060; x_wconf 90' lang='lat' dir='ltr'><strong>est</strong></span> <span class='ocrx_word' id='word_1_294' title='bbox 502 3995 611 4072; x_wconf 90' lang='lat' dir='ltr'><strong>boras,</strong></span> <span class='ocrx_word' id='word_1_295' title='bbox 633 3997 679 4061; x_wconf 87' lang='lat' dir='ltr'><strong>ita</strong></span> <span class='ocrx_word' id='word_1_296' title='bbox 701 4008 737 4061; x_wconf 92' lang='lat' dir='ltr'><strong>ut</strong></span> <span class='ocrx_word' id='word_1_297' title='bbox 753 4007 868 4061; x_wconf 86' lang='lat' dir='ltr'><strong>neutro</strong></span> <span class='ocrx_word' id='word_1_298' title='bbox 885 3995 1050 4060; x_wconf 89' lang='lat' dir='ltr'><strong>inclinaret</strong></span> <span class='ocrx_word' id='word_1_299' title='bbox 1068 4017 1151 4079; x_wconf 90' lang='lat' dir='ltr'><strong>spes.</strong></span> <span class='ocrx_word' id='word_1_300' title='bbox 1196 3990 1281 4075; x_wconf 91' lang='lat' dir='ltr'><strong>quod</strong></span> <span class='ocrx_word' id='word_1_301' title='bbox 1300 4011 1314 4055; x_wconf 86' lang='lat' dir='ltr'><strong>o</strong></span> 
     </span>
     <span class='ocr_line' id='line_1_38' title="bbox 271 4081 1282 4176; baseline 0 -26"><span class='ocrx_word' id='word_1_302' title='bbox 271 4086 311 4150; x_wconf 77' lang='lat' dir='ltr'><strong>tbi</strong></span> <span class='ocrx_word' id='word_1_303' title='bbox 328 4089 442 4153; x_wconf 90' lang='lat' dir='ltr'><strong>consul</strong></span> <span class='ocrx_word' id='word_1_304' title='bbox 464 4090 546 4154; x_wconf 77' lang='lat' dir='ltr'><strong>vidit</strong></span> <span class='ocrx_word' id='word_1_305' title='bbox 564 4081 655 4155; x_wconf 82' lang='lat' dir='ltr'><strong>nulle</strong></span> <span class='ocrx_word' id='word_1_306' title='bbox 669 4102 760 4176; x_wconf 87' lang='lat' dir='ltr'><strong>parte</strong></span> <span class='ocrx_word' id='word_1_307' title='bbox 777 4091 900 4156; x_wconf 84' lang='lat' dir='ltr'><strong>moveri</strong></span> <span class='ocrx_word' id='word_1_308' title='bbox 917 4090 1076 4176; x_wconf 88' lang='lat' dir='ltr'><strong>Ligurum</strong></span> <span class='ocrx_word' id='word_1_309' title='bbox 1094 4089 1200 4171; x_wconf 90' lang='lat' dir='ltr'><strong>signa,</strong></span> <span class='ocrx_word' id='word_1_310' title='bbox 1222 4085 1282 4148; x_wconf 93' lang='lat' dir='ltr'><strong>im·</strong></span> 
     </span>
     <span class='ocr_line' id='line_1_39' title="bbox 271 4175 1281 4270; baseline -0.006 -23"><span class='ocrx_word' id='word_1_311' title='bbox 271 4193 348 4247; x_wconf 81' lang='lat' dir='ltr'><strong>erat</strong></span> <span class='ocrx_word' id='word_1_312' title='bbox 371 4183 547 4267; x_wconf 89' lang='lat' dir='ltr'><strong>equitibus,</strong></span> <span class='ocrx_word' id='word_1_313' title='bbox 569 4196 604 4250; x_wconf 92' lang='lat' dir='ltr'><strong>ut</strong></span> <span class='ocrx_word' id='word_1_314' title='bbox 626 4207 725 4270; x_wconf 87' lang='lat' dir='ltr'><strong>equos</strong></span> <span class='ocrx_word' id='word_1_315' title='bbox 747 4186 976 4262; x_wconf 86' lang='lat' dir='ltr'><strong>conscendunt,</strong></span> <span class='ocrx_word' id='word_1_316' title='bbox 1003 4206 1041 4247; x_wconf 86' lang='lat' dir='ltr'><strong>ac</strong></span> <span class='ocrx_word' id='word_1_317' title='bbox 1062 4180 1164 4245; x_wconf 88' lang='lat' dir='ltr'><strong>tribus</strong></span> <span class='ocrx_word' id='word_1_318' title='bbox 1187 4175 1281 4243; x_wconf 88' lang='lat' dir='ltr'><strong>simul</strong></span> 
     </span>
    </p>
   </div>
   <div class='ocr_carea' id='block_1_4' title="bbox 271 4272 1282 4428">
    <p class='ocr_par' dir='ltr' id='par_1_7' title="bbox 271 4272 1282 4428">
     <span class='ocr_line' id='line_1_40' title="bbox 271 4272 1282 4365; baseline -0.006 -25"><span class='ocrx_word' id='word_1_319' title='bbox 271 4276 401 4342; x_wconf 85' lang='lat' dir='ltr'><strong>artibus</strong></span> <span class='ocrx_word' id='word_1_320' title='bbox 419 4277 453 4342; x_wconf 92' lang='lat' dir='ltr'><strong>in</strong></span> <span class='ocrx_word' id='word_1_321' title='bbox 474 4278 589 4356; x_wconf 88' lang='lat' dir='ltr'><strong>bostis,</strong></span> <span class='ocrx_word' id='word_1_322' title='bbox 614 4291 733 4363; x_wconf 89' lang='lat' dir='ltr'><strong>quanto</strong></span> <span class='ocrx_word' id='word_1_323' title='bbox 755 4279 895 4343; x_wconf 85' lang='lat' dir='ltr'><strong>maximo</strong></span> <span class='ocrx_word' id='word_1_324' title='bbox 912 4290 1042 4365; x_wconf 90' lang='lat' dir='ltr'><strong>possent</strong></span> <span class='ocrx_word' id='word_1_325' title='bbox 1059 4273 1213 4350; x_wconf 91' lang='lat' dir='ltr'><strong>tumultu,</strong></span> <span class='ocrx_word' id='word_1_326' title='bbox 1234 4272 1282 4335; x_wconf 92' lang='lat' dir='ltr'><strong>in·</strong></span> 
     </span>
     <span class='ocr_line' id='line_1_41' title="bbox 305 4374 1071 4428; baseline -0.017 -7"><span class='ocrx_word' id='word_1_327' title='bbox 305 4377 405 4421; x_wconf 64' lang='lat' dir='ltr'><strong>moal.</strong></span> <span class='ocrx_word' id='word_1_328' title='bbox 414 4377 452 4421; x_wconf 85' lang='lat' dir='ltr'><strong>W.</strong></span> <span class='ocrx_word' id='word_1_329' title='bbox 1053 4374 1071 4428; x_wconf 86' lang='lat'><strong>3</strong></span> 
     </span>
    </p>
   </div>
   <div class='ocr_carea' id='block_1_5' title="bbox 0 0 1684 5092">
    <p class='ocr_par' dir='ltr' id='par_1_8' title="bbox 0 0 1684 5092">
     <span class='ocr_line' id='line_1_42' title="bbox 0 0 1684 5092; baseline 0 0"><span class='ocrx_word' id='word_1_330' title='bbox 0 0 1684 5092; x_wconf 95' lang='lat' dir='ltr'><strong> </strong></span> 
     </span>
    </p>
   </div>
  </div>
 </body>
</html>
