3359 5092
321 532 384 599 148
506 545 624 601 arasa
640 543 828 614 romu,
847 543 960 598 43-45.
978 543 1165 612 [amessa]

321 716 395 770 ante
412 705 517 769 lucem
534 702 659 766 Axium
676 724 802 765 amnem
826 701 969 777 traicere,
990 723 1062 766 eum
1080 701 1177 766 finem
1195 700 1329 785 sequendi

319 811 449 885 propter
467 796 687 862 difficultatem
706 795 855 860 transitus
873 795 942 860 fore
959 810 1047 859 ratus
1065 794 1229 860 Romanis.

288 914 301 959 1
383 891 611 957 XXXXIIII.
640 889 825 966 Consulem,
845 912 919 954 cum
932 913 966 955 se
979 890 1012 954 in
1029 903 1134 955 castra
1147 890 1246 954 victor
1257 911 1329 956 recc-

319 986 432 1071 pisset,
454 1008 494 1050 ne
517 985 639 1049 sincero
656 985 774 1070 gaudio
792 984 965 1060 frueretur,
991 1007 1068 1048 cura
1086 985 1126 1048 dc
1143 984 1262 1050 minore
1277 983 1330 1048 lilio

287 1103 302 1148 a
321 1079 513 1145 stimulabat.
557 1077 597 1142 P.
617 1077 726 1163 Scipio
746 1078 774 1142 is
792 1090 873 1153 erat,
895 1078 1069 1143 Africanus
1088 1090 1121 1143 et
1144 1079 1214 1163 ipse
1236 1091 1329 1164 postea

321 1174 426 1240 deleta
453 1172 649 1258 Carthagine
680 1172 873 1257 appellatus,
906 1173 1058 1237 naturalis
1085 1172 1225 1237 consulis
1249 1169 1327 1238 Pauli

286 1290 301 1337 3
319 1268 414 1345 filius,
432 1266 601 1351 adoptione
619 1266 765 1330 Africani
783 1288 893 1351 nepos.
930 1265 957 1330 is
975 1279 1158 1352 septumum
1177 1267 1327 1332 decumum

320 1375 397 1427 tunc
423 1384 542 1426 annum
565 1383 678 1446 agens,
706 1360 794 1443 quod
819 1361 925 1445 ipsum
952 1382 1060 1426 curam
1088 1362 1243 1445 augebat,
1268 1361 1328 1424 dum
1367 1385 1370 1448 ς

322 1456 423 1522 effuse
449 1454 592 1538 sequitur
617 1454 739 1530 hostes,
771 1454 805 1518 in
830 1467 953 1540 partem
980 1455 1076 1518 aliam
1102 1456 1198 1519 turba
1222 1455 1326 1519 ablatus

321 1562 402 1627 erat3
420 1560 452 1614 et
470 1549 571 1613 serius
585 1570 659 1613 cum
673 1548 816 1623 redisset,
833 1560 911 1614 tunc
925 1549 1064 1625 demum,
1082 1561 1212 1635 recepto
1229 1548 1327 1634 sospita

321 1646 396 1723 filio,
413 1645 564 1710 victoriae
582 1655 689 1710 tantae
705 1644 860 1730 gaudium
879 1645 989 1709 consul
1007 1645 1115 1709 sensit.

286 1762 303 1807 4
384 1738 605 1825 Amphipolim
623 1761 698 1803 cum
714 1739 779 1802 iam
796 1737 884 1803 fama
901 1761 1029 1824 pugnae
1047 1740 1252 1823 pervenisset,
1268 1759 1326 1803 con·

321 1855 496 1917 cursusque
514 1843 729 1898 matronarum
746 1832 780 1896 in
797 1834 952 1917 templum
961 1832 1099 1910 Dianae,
1118 1854 1216 1916 quam
1225 1834 1327 1897 Tauro·

319 1930 417 2015 polon
443 1938 573 2005 vocant,
599 1926 641 1990 ad
663 1948 757 2012 opem
779 1927 1015 2011 exposcendam
1041 1926 1146 2004 fieret,
1174 1928 1325 1998 Diodorus,

320 2022 377 2106 qui
390 2031 536 2107 praeerat
548 2020 630 2097 urbi,
648 2033 793 2085 metuens
810 2044 851 2085 ne
861 2020 1014 2097 Thraces,
1034 2043 1170 2104 quorum
1184 2022 1247 2086 duo
1259 2018 1326 2084 milis

313 2116 354 2190 in
367 2115 524 2202 praesidio
534 2126 632 2192 erant,
652 2116 763 2180 urbem
776 2116 809 2180 in
824 2118 964 2182 tumultu
979 2117 1162 2203 diriperent,
1182 2118 1223 2183 ab
1236 2117 1327 2183 subor-

320 2222 396 2275 nato
417 2209 459 2274 ab
481 2233 516 2275 se
538 2232 596 2295 per
616 2209 776 2275 fallaciam
797 2209 831 2274 in
854 2211 1000 2275 tabellari
1019 2212 1158 2296 speciem
1176 2209 1325 2277 htterasin

288 2325 302 2372 5
321 2305 392 2370 foro
410 2304 514 2369 medio
532 2305 664 2390 accepit.
708 2305 863 2389 scriptum
883 2306 918 2370 in
940 2306 980 2370 iis
998 2319 1081 2383 erat,
1104 2307 1148 2371 ad
1163 2306 1327 2372 Emathiam

321 2400 455 2465 classem
471 2398 650 2464 Romanam
668 2399 834 2484 adpulsam
858 2422 927 2465 esse
945 2423 1102 2485 agrosque
1121 2401 1207 2467 circa
1224 2398 1326 2467 vexari:

321 2517 410 2559 orare
428 2494 606 2580 praefectos
615 2493 795 2572 Emathiae,
813 2507 850 2560 ut
867 2496 1061 2580 praesidium
1075 2498 1229 2563 adversus
1245 2515 1328 2583 popu·

288 2590 436 2658 alatores
460 2589 574 2653 mittat.
617 2589 667 2653 his
688 2589 778 2655 lectis
800 2589 945 2654 hortatur
962 2591 1120 2667 Thracas,
1143 2603 1180 2656 ut
1198 2593 1239 2656 ad
1255 2605 1328 2656 tuer-

322 2686 396 2749 dam
404 2683 573 2749 Emathiae
591 2705 680 2749 oram
697 2684 952 2770 proficiscantur:
975 2709 1126 2770 magnam
1145 2707 1200 2752 eos
1218 2685 1327 2753 caedem

321 2777 536 2863 praedamque
559 2778 673 2862 palatis
694 2780 813 2863 passim
836 2802 894 2864 per
911 2802 1005 2864 agros
1023 2780 1178 2845 Romanis
1196 2782 1326 2846 factura

289 2890 302 2936 7
322 2870 417 2935 simul
434 2871 536 2935 elevat
554 2871 673 2935 famam
692 2872 844 2938 adversae
862 2896 1004 2959 pugnae:
1023 2875 1148 2957 quaesi
1166 2898 1243 2940 vera
1254 2875 1327 2944 fora

288 2985 304 3033 8
322 2966 420 3031 alium
438 2988 533 3050 super
550 2965 649 3030 alium
665 2981 807 3034 recentes
827 2992 867 3033 ex
885 2969 964 3054 fuga
981 2978 1133 3034 venturos
1150 2969 1258 3035 fuisse.
1284 2983 1327 3054 ptr

321 3060 404 3125 hauc
422 3083 551 3125 causam
564 3060 744 3127 Thracibus
763 3063 929 3147 ablegatis,
947 3063 1041 3128 simul
1059 3077 1271 3150 transgressos
1286 3077 1326 3127 cot

323 3154 526 3240 Strymonem
545 3156 635 3232 vidit,
653 3170 762 3242 portas
780 3157 904 3222 clausit.

289 3268 301 3314 1
385 3250 575 3316 XXXXV.
602 3251 711 3316 Tertio
734 3251 784 3316 die
802 3250 941 3315 Perseus
965 3273 1061 3334 quam
1084 3265 1261 3338 pugnatum
1276 3253 1327 3317 cul
1356 3288 1360 3298 ·

318 3343 542 3428 Amphipolim
559 3346 656 3410 venit.
700 3345 774 3410 inde
793 3357 933 3410 oratores
951 3368 1024 3410 cum
1043 3347 1185 3412 caduceo
1204 3346 1244 3412 ad
1258 3346 1326 3411 Pau·

287 3438 388 3502 alum
413 3438 508 3501 misit.
552 3438 678 3505 interim
705 3440 843 3525 Hippias
871 3452 903 3505 et
930 3441 1046 3504 Midon
1074 3452 1105 3505 et
1129 3441 1326 3508 Pantauchus

320 3530 479 3617 principes
498 3532 672 3597 amicorum
689 3534 790 3620 regis,
812 3534 985 3626 Beroeam,
1010 3557 1073 3618 quo
1092 3558 1133 3599 cx
1151 3537 1220 3603 acie
1236 3531 1327 3601 confr

322 3636 449 3710 gerant,
467 3624 528 3710 ipsi
546 3627 588 3690 ad
606 3630 767 3693 consulem
785 3629 921 3712 profecti
939 3630 1091 3693 Romanis
1110 3629 1242 3696 dedunt.
1281 3628 1326 3691 ta

320 3720 405 3784 idem
432 3730 464 3784 et
490 3720 543 3784 alii
570 3722 718 3807 deinceps
757 3735 845 3786 metu
883 3724 1021 3807 perculsi
1048 3725 1204 3809 parabant
1230 3724 1324 3788 sacca

288 3831 303 3878 3
322 3815 432 3878 consul
454 3815 573 3879 nuntiis
596 3816 746 3880 victoriae
771 3815 812 3897 Q.
831 3817 934 3881 Fabio
952 3817 1021 3881 filio
1044 3833 1076 3882 et
1094 3818 1135 3882 L.
1155 3817 1326 3884 Lentulo&

322 3907 365 3989 Q.
387 3909 521 3973 Metello
548 3931 622 3972 cum
654 3908 766 3974 litteris
792 3911 930 3975 Romam
957 3912 1062 3976 missrs
1089 3912 1193 3997 spolia
1217 3902 1326 3977 iacentis

287 4021 304 4071 4
321 4002 460 4068 hostium
479 4003 634 4068 exercitus
652 4004 813 4088 peditibus
832 4007 997 4082 concessit,
1016 4007 1177 4090 equitibus
1196 4005 1325 4093 praedatl

321 4097 515 4162 circumiecti
533 4097 617 4182 ang,
642 4098 718 4161 dum
736 4122 775 4163 ne
794 4101 930 4184 amplius
950 4103 1075 4165 duabus
1093 4101 1241 4167 noctibus
1258 4113 1325 4164 aa·

321 4192 394 4255 stris
421 4192 579 4256 abessent.
631 4191 701 4276 ipse
728 4194 857 4278 propius
889 4218 977 4261 mare
1003 4198 1045 4260 ad
1070 4196 1221 4281 Pydnam
1245 4201 1326 4260 cml*

288 4305 304 4352 5
321 4286 430 4349 movit.
465 4287 590 4351 Beroea
608 4286 761 4371 primum,
781 4288 895 4353 deinde
913 4290 1144 4357 Thessalonica
1160 4304 1193 4356 et
1208 4285 1325 4356 Pellae
