3359 5092
356 538 420 604 208
477 547 697 604 PERJOCHAE
714 544 919 603 LIBRORUM
936 544 1262 606 LXVIllI-LXXIIL

356 690 448 746 fectus
466 692 517 743 est.
545 687 578 752 Q.
594 687 733 743 Caecilius
746 685 879 743 Metellus
896 686 933 742 ab
947 685 1029 741 exilio
1043 684 1072 740 in
1094 684 1153 739 enti
1165 684 1252 739 totius
1265 685 1366 740 civitatis

356 760 453 813 favore
462 757 592 811 reductus
602 762 653 812 est.
672 756 718 811 Μ’.
728 755 859 827 Aquilius
867 755 1054 826 proconsulin
1084 753 1277 810 reiliabellum
1286 755 1367 810 servile

357 826 647 883 excitatumconiocit.

777 895 887 938 uxum.
901 896 967 937 axx.

409 963 479 1021 Cum
492 964 538 1019 Μ’.
552 962 682 1034 Aquilius
701 963 736 1019 de
769 965 876 1019 conniis
887 962 1050 1034 repetundis
1064 979 1179 1017 causam
1192 962 1311 1032 diceret,
1323 962 1370 1033 ipse

356 1032 679 1106 iudicesrogarenoluit.
697 1030 736 1085 M.
793 1034 894 1102 tonius,
904 1031 952 1102 qui
961 1049 1011 1101 pro
1021 1048 1055 1087 eo
1063 1031 1225 1102 perorabat,
1236 1031 1371 1086 tunicama

355 1100 1372 1228 tittltlttttitbittittiltffltttsslllbtirifflttttl

356 1241 489 1297 adversus
499 1239 655 1297 celtiberos
664 1238 784 1295 feliciter
792 1239 938 1311 pugnavit.
955 1238 1134 1294 Ptolemaeus
1144 1188 1372 1309 Cyreniirumrer,

357 1310 401 1366 cui
415 1314 630 1381 cognomentum
639 1307 757 1378 Apionis
770 1308 836 1376 fuit,
852 1313 976 1362 mortuus
990 1307 1122 1363 heredem
1135 1307 1272 1378 populum
1285 1306 1372 1361 Roma·
1408 1335 1409 1344 ι

356 1397 423 1434 num
444 1378 569 1449 reliquit,
593 1384 622 1432 et
640 1377 699 1432 eius
716 1394 746 1432 re
789 1376 796 1389 ’
816 1376 943 1432 civitates
960 1383 1076 1431 senatus
1092 1375 1200 1430 liberas
1219 1394 1281 1432 esse
1299 1375 1372 1430 iussit

355 1447 561 1504 Ariobarzanes
574 1447 605 1499 in
618 1463 737 1517 regnum
769 1446 942 1517 appadociae
953 1463 971 1500 a
979 1445 1013 1499 L.
1023 1443 1154 1500 Cornelio
1164 1443 1247 1516 Sylla
1255 1445 1371 1500 reductus
1408 1477 1409 1484 .

355 1522 407 1573 est.
434 1516 601 1571 Parthorum
614 1516 640 1569 le
664 1514 702 1568 ati
712 1516 922 1588 aregeArsace
935 1514 1013 1571 missi
1024 1511 1210 1569 veneruntad
1220 1512 1338 1585 Syllam,
1350 1517 1372 1567 ut

356 1584 508 1641 amicitiam
521 1584 618 1655 populi
658 1582 751 1638 omani
784 1588 901 1639 eterent.
926 1583 960 1638 P.
969 1583 1104 1652 Rutilius,
1118 1583 1161 1636 vir
1174 1596 1300 1637 summae
1308 1582 1371 1636 inno·

356 1655 479 1723 centiae,
494 1653 625 1725 quoniam
638 1652 750 1723 legatus
763 1602 798 1717 ὅ.
812 1651 890 1707 Muci
901 1651 1074 1723 proconsulis
1088 1668 1106 1707 a
1118 1651 1332 1722 publicanorum
1341 1653 1370 1705 in·

356 1723 434 1777 iuriis
441 1724 538 1777 Asiam
549 1721 714 1777 defenderat
732 1720 838 1776 inrisus
848 1720 968 1792 equestri
978 1720 1078 1790 ordini,
1092 1737 1179 1792 penes
1190 1738 1275 1790 quem
1284 1719 1370 1775 iudicia

703 1762 852 1845 damnatus
864 1791 893 1844 in
907 1790 1020 1846 exilium
1032 1790 1131 1844 missus
1145 1795 1197 1844 est.
1226 1788 1258 1844 C.
1275 1788 1370 1845 Sentius

356 1797 450 1862 erant,
467 1791 685 1914 regetnndarum

356 1866 470 1931 praetor
483 1879 500 1915 a
519 1877 615 1914 versus
628 1858 754 1913 Thracas
768 1858 918 1914 infeliciter
929 1858 1074 1931 pugnavit
1101 1864 1218 1915 senatus
1232 1875 1296 1913 cum
1307 1860 1369 1940 inpo·

355 1931 475 1984 tentiam
489 1928 624 2010 equestris
634 1928 737 1982 ordinis
747 1928 776 1982 in
785 1927 896 1982 iudiciis
906 1928 1066 1983 exercendis
1075 1928 1148 1983 ferre
1156 1928 1261 1996 nollet,
1277 1926 1370 1984 omniu*

355 1999 425 2053 oniti
439 2003 545 2068 coepit,
560 2003 591 2051 ut
605 1997 641 2051 ad
655 2014 685 2052 se
696 1996 800 2051 iudicia
808 1996 981 2067 transferret,
991 1997 1145 2052 sustinente
1153 2013 1270 2052 causam
1280 1996 1369 2054 eiusll

357 2066 437 2121 Livio
446 2067 539 2121 Druso
548 2066 660 2121 tribuno
668 2065 774 2137 plebis,
789 2064 846 2145 qui,
860 2067 972 2121 utrircs
983 2065 1036 2120 sibi
1046 2065 1217 2136 adquireret,
1229 2068 1370 2138 perniciosa

356 2154 406 2207 spe
415 2135 594 2208 largitionum
603 2136 715 2206 plebem
724 2133 882 2189 concitavit.
909 2139 1057 2206 praeterea
1065 2140 1156 2190 motus
1166 2134 1267 2206 Syriae
1277 2153 1369 2208 regun-

358 2223 411 2275 que
422 2205 553 2260 continet.
771 2275 811 2315 Ex
823 2275 871 2315 Lm
894 2275 966 2315 Lm

407 2342 446 2397 M.
455 2341 551 2396 Livius
560 2342 668 2397 Drusus
678 2341 806 2396 tribunus
813 2339 918 2411 plebis,
929 2356 984 2411 quo
994 2340 1145 2397 maioribus
1157 2342 1264 2398 riribus
1274 2347 1368 2399 sensus

356 2415 800 2549 {titzbfltttttrtb
811 2408 1368 2536 tulttttdfflttltlttttltt

356 2549 601 2618 frumentariisque
614 2519 868 2603 latis’iudiciariam
881 2563 991 2619 quoque
1009 2497 1138 2619 pbirtulit,
1152 2499 1368 2621 utglaequaagrprrta

357 2617 461 2673 iudicia
478 2634 564 2689 penes
583 2623 711 2672 senatum
724 2621 753 2672 et
766 2621 924 2685 equestrem
938 2617 1062 2673 ordinem
1077 2623 1179 2673 essent.
1208 2636 1272 2674 cum
1286 2617 1367 2673 deinde

356 2686 494 2756 promissa
502 2685 585 2740 sociis
593 2685 690 2740 civitas
699 2685 836 2755 praestari
845 2702 903 2739 non
910 2692 1014 2756 posset,
1024 2686 1089 2741 irati
1097 2685 1193 2741 Italici
1202 2687 1368 2744 defectionem

358 2755 466 2826 agitare
481 2759 641 2833 coeperunt.
669 2771 764 2809 eorum
778 2753 867 2809 coitus
882 2754 1142 2825 coniurationesque
1156 2761 1187 2811 et
1199 2759 1334 2813 orationes
1346 2756 1367 2809 in

356 2822 480 2877 consiliis
493 2822 651 2892 principum
659 2822 826 2877 referuntur.
848 2823 1155 2902 propterquaeLirius
1163 2824 1275 2881 Drusus
1283 2826 1367 2880 invisat

357 2891 444 2971 etiarn
453 2890 563 3013 senetstni
571 2890 664 2945 factus
672 2891 749 2946 velut
757 2891 870 2947 socialis
879 2889 948 2946 belli
956 2889 1367 2967 auctor,incertumaquo,doni

357 2976 466 3014 occisus
476 2977 527 3015 es.

766 3032 807 3072 nx
820 3032 877 3072 nm.
891 3032 978 3073 axxu.

408 3096 502 3152 Italici
518 3094 617 3168 populi
635 3096 798 3152 defecerunt
813 3097 958 3165 Picentes,
976 3098 1100 3167 Vestini,
1124 3099 1227 3170 Marsi,
1245 3100 1322 3157 Pacli
1353 3096 1358 3109 '

356 3165 518 3235 Marrucini,
530 3164 677 3235 Samnites,
683 3164 801 3220 Lucani.
820 3166 899 3221 initio
908 3167 977 3222 belli
986 3185 1004 3222 a
1013 3167 1178 3224 Picentibus
1187 3176 1273 3240 moto,
1284 3170 1316 3235 Q.
1358 3195 1365 3208 ·

356 3236 439 3290 vilius
456 3235 606 3305 proconsul
624 3235 653 3288 in
667 3234 770 3305 oppido
783 3234 889 3289 Asculo
903 3253 965 3290 cum
978 3236 1106 3303 omnibus
1120 3236 1231 3294 civibus
1243 3237 1365 3302 Romania

377 3305 513 3427 bis?
533 3303 881 3427 titttftttttlttt‘·
893 3321 979 3428 ..tt
988 3305 1367 3432 iillilssiiiffi‘tiffi

359 3441 568 3521 devertebatur,
578 3390 794 3563 [esscaptiiitate
808 3413 936 3522 rece'ptus
951 3448 1002 3498 est.
1028 3394 1168 3499 Aesernii
1181 3394 1366 3502 eiblbsbls

358 3526 422 3564 mae
433 3509 469 3563 ab
477 3508 610 3563 Italrcrso
631 3526 723 3565 sessae
733 3515 805 3563 sunt.
824 3511 928 3565 auxilia
938 3511 1146 3567 deindeLatini
1154 3515 1366 3571 nominisexrcrr

357 3594 473 3648 rumque
488 3576 612 3649 gentium
626 3577 711 3632 missa
718 3579 822 3648 populo
831 3578 958 3635 Romano
967 3586 997 3636 et
1004 3580 1197 3652 expeditiones
1206 3583 1237 3639 in
1245 3584 1328 3640 ricem
1335 3597 1367 3638 cx·

358 3645 601 3719 pugnationesque
611 3646 721 3701 urbium
729 3645 896 3703 referuntur.

760 3727 800 3768 nx
813 3728 869 3769 mn.
883 3730 982 3770 nxxm.

410 3783 443 3837 1..
453 3784 540 3840 lulius
549 3785 654 3842 Caesar
663 3786 761 3840 consul
769 3786 843 3842 male
853 3788 985 3843 adversus
995 3784 1135 3843 Samnites
1144 3791 1291 3863 pugnavit.
1312 3787 1368 3846 usu

357 3853 468 3909 colonia
480 3853 509 3908 in
522 3861 690 3925 potestatem
705 3853 871 3910 Samnitium
882 3856 960 3911 venit
973 3855 1006 3910 L.
1020 3856 1165 3912 Postumio
1179 3867 1321 3929 praetore,
1334 3853 1369 3930 qi

358 3922 445 3977 abeis
454 3922 618 3978 interfectus
628 3929 678 3978 est.
701 3923 858 3993 complures
867 3925 964 3995 populi
973 3924 1113 3982 adhostes
1124 3926 1297 3984 defecerunt
1321 3939 1369 3982 cun

356 3992 390 4046 P.
399 3990 522 4045 Rutilius
536 3993 632 4046 consul
666 4009 744 4047 arum
752 4009 887 4071 prospere
896 3994 1029 4048 adversus
1036 3993 1147 4049 Marsos
1155 3993 1370 4069 pugnassetstit

356 4060 463 4182 Emefl‘?
474 4060 630 4140 cecidisset,
645 4010 677 4116 E.
686 4059 793 4140 Marius
801 4060 914 4140 legatus
922 4062 983 4118 eius
991 4061 1107 4118 meliore
1116 4071 1222 4120 eventu
1230 4060 1369 4122 cumberti·

377 4146 410 4182 us
420 4145 479 4184 acre
490 4129 621 4184 conflixit.
641 4128 699 4184 Ser.
710 4126 850 4199 Sulprcrus
858 4129 1010 4210 Paelignos
1017 4131 1126 4202 proelio
1134 4132 1220 4189 fudit
1238 4134 1272 4200 Q.
1281 4131 1368 4203 Coepit

358 4197 469 4268 legatus
477 4198 566 4253 Rutili
581 4214 644 4252 cum
657 4197 786 4252 obsessus
799 4214 865 4268 pros
886 4216 932 4254 ere
944 4218 975 4253 m
986 4198 1081 4255 hostes
1090 4202 1233 4283 erupisset
1242 4211 1270 4260 et
1278 4203 1369 4258 obem

358 4281 516 4321 successum
530 4271 680 4337 aequatum
694 4265 720 4320 ei
734 4282 795 4320 cum
810 4266 841 4321 O.
889 4268 947 4322 ario
961 4273 1035 4324 esset
1047 4267 1211 4340 imperium,
1224 4269 1368 4330 temerarius

357 4332 450 4387 factus
472 4342 501 4391 et
523 4337 726 4391 circumventus
747 4334 854 4389 insidiis
875 4336 938 4393 fuso
957 4336 1080 4393 exercitu
1097 4339 1210 4396 cecidit.
1245 4341 1280 4396 1.
1296 4337 1368 4394 lulius
