3359 5092
452 529 570 586 amun
586 529 742 601 xxxxv,
761 531 804 586 aa
824 534 862 600 [a.
872 530 903 587 e.
914 531 977 602 1ch
1169 519 1232 586 189

285 737 292 765 ‚
311 701 439 753 auratos
457 700 721 775 purpuratosque‚
741 711 781 754 ex
797 687 947 754 inferiore
964 689 1035 754 loco
1053 689 1095 756 L.
1108 691 1231 757 Paulus

285 783 351 848 trba
372 795 556 870 togatorum
577 806 661 848 unus
679 784 823 869 privatus
846 784 1020 871 interroget
1038 785 1106 851 “L.
1123 786 1231 863 Anici,

286 875 421 953 Octavi,
447 889 555 942 utrum
577 899 635 943 vos
658 878 817 963 digniores
841 880 1001 965 triumpho
1025 903 1094 946 esse
1117 904 1158 945 an
1180 897 1231 946 me

285 972 397 1049 etis?'',
421 994 518 1037 curru
535 973 718 1038 descensuri
736 984 768 1038 et
785 995 862 1059 prae
879 975 1002 1062 pudore
1019 975 1168 1040 videntur
1183 975 1233 1040 in-

285 1092 308 1133 a
330 1070 393 1155 ipsi
415 1092 474 1133 sua
497 1069 653 1133 tradituri.
690 1079 722 1133 et
744 1091 802 1133 vos
821 1066 977 1134 Gentium
998 1091 1095 1154 quam
1111 1069 1267 1137 Perseas

305 1163 339 1226 in
366 1163 528 1249 triumpho
554 1163 716 1239 mavoltis,
744 1162 901 1244 Quirites,
929 1177 959 1229 et
986 1164 1026 1229 de
1050 1164 1231 1230 accessione

285 1281 311 1322 rs
339 1258 415 1323 belli
441 1280 539 1342 quam
562 1258 709 1324 debello
733 1258 941 1344 triumphari?
967 1271 999 1325 et
1024 1259 1165 1345 legiones
1192 1279 1267 1327 ext

284 1352 333 1416 icc
351 1353 513 1417 laureatae
536 1353 649 1417 urbem
670 1352 797 1417 inibunt
814 1364 847 1418 et
864 1353 993 1418 navales
1011 1354 1104 1431 socii,
1121 1354 1234 1419 Mace-

285 1468 340 1511 cae
362 1447 505 1531 legiones
528 1468 587 1511 suo
605 1446 759 1533 abrogato
781 1448 943 1534 triumpho
966 1448 1087 1514 alienos
1109 1458 1234 1534 specta-

285 1541 306 1603 ‚?
328 1541 406 1623 quid
429 1542 543 1606 deinde
565 1552 632 1606 tam
653 1541 780 1627 opimae
802 1542 956 1627 praedae,
981 1553 1047 1607 tam
1065 1544 1233 1628 opulentae

285 1634 359 1699 »riae
376 1635 485 1720 spoliis
502 1636 575 1700 fiet?
602 1657 742 1719 quonam
759 1636 918 1702 abdentur
938 1637 994 1701 illa
1014 1648 1062 1701 tot
1078 1637 1166 1701 milia
1183 1659 1234 1701 ar·
1251 1653 1267 1701 5

285 1753 332 1792 um
351 1729 492 1794 detracta
510 1730 695 1815 corporibus
714 1729 872 1795 hostium?
898 1754 940 1795 an
957 1730 990 1795 in
1007 1730 1234 1796 Macedoniam

285 1824 427 1887 nentur?
445 1844 509 1907 quo
527 1825 619 1910 signa
636 1847 748 1902 aurea,
766 1846 954 1903 marmorea,
972 1826 1123 1904 eburnea,
1141 1825 1235 1890 tabu-

285 1917 394 2002 rictae‚
419 1919 553 1996 textilia,
576 1929 700 1983 tantum
718 1919 843 2006 argenti
860 1920 990 1999 caelati,
1012 1931 1136 1986 tantum
1154 1921 1234 1996 auri,

285 2036 297 2075 a
314 2012 450 2096 pecunia
466 2012 574 2099 regia?
592 2036 633 2077 arr
648 2025 755 2089 noctu,
774 2024 938 2098 tamquam
951 2014 1079 2092 furtiva,
1097 2015 1131 2079 in
1145 2038 1234 2079 aera·
1252 2029 1268 2078 6

285 2133 291 2169 ι
309 2107 579 2191 deportabuntur?
597 2107 695 2191 quid?
717 2108 796 2172 illud
813 2110 1031 2194 spectaculum
1048 2109 1234 2184 maximum,

286 2200 424 2264 lissimus
442 2199 798 2287 opulentissimus[que]
815 2225 874 2267 rex
897 2214 1025 2289 captus,
1047 2203 1104 2269 ubi
1121 2202 1234 2267 victori

285 2294 326 2358 rlo
353 2295 556 2359 ostendetur?
588 2317 668 2379 quos
696 2294 829 2381 Syphax
857 2318 914 2361 rex
940 2308 1067 2383 captus,
1094 2297 1267 2362 accessio?

285 2389 323 2452 ici
338 2388 423 2464 belli,
442 2410 615 2454 concursus
627 2389 748 2466 fecerit,
761 2390 906 2475 plerique
919 2391 1131 2456 meminimus.
1153 2389 1235 2455 Per-

298 2504 356 2546 rex
375 2494 501 2568 captus,
518 2483 686 2570 Philippus
705 2495 737 2549 et
754 2485 940 2551 Alexander
961 2485 1006 2549 lili
1023 2484 1123 2571 regis,
1147 2493 1236 2549 tanta

285 2577 346 2654 ina,
367 2578 593 2642 subtrahentur
610 2580 747 2644 civitat-is
765 2579 884 2643 oculis?
901 2581 1007 2665 ipsum
1025 2578 1066 2643 L.
1083 2578 1234 2655 Paulum,
1252 2596 1269 2646 8

285 2673 459 2749 consulem,
487 2672 675 2739 domitorem
694 2671 866 2751 Graeciae,
893 2674 1035 2738 omnium
1053 2674 1138 2739 oculi
1160 2694 1236 2738 con·

285 2789 330 2831 ere
348 2766 461 2831 urbem
476 2789 571 2832 curru
587 2767 820 2853 ingredientem
834 2778 931 2833 avent
936 2792 946 2846 ;
964 2766 1006 2832 ad
1022 2769 1084 2834 hcc
1100 2768 1234 2833 fecimus

285 2864 383 2939 ulem,
401 2874 438 2927 ut
455 2863 574 2928 bellum
591 2886 649 2951 per
662 2864 908 2948 quadriennium
925 2864 1048 2949 ingenti
1063 2864 1159 2929 etiam
1175 2883 1236 2948 pu-

308 2969 416 3022 nostrc
439 2969 575 3023 tractum
597 2959 773 3042 perficeret
822 2960 875 3024 cui
897 2960 1008 3024 sortito
1029 2959 1235 3045 provinciam,
1254 2959 1279 3021 θ’

285 3054 492 3139 proficiscenti
515 3053 791 3140 praesagientibus
809 3055 923 3119 animis
942 3054 1107 3119 victoriam
1125 3053 1236 3118 trium-

285 3169 372 3231 nque
400 3147 642 3225 destinavimus,
675 3150 705 3213 ei
731 3149 843 3214 victori
870 3146 1065 3234 triumphum
1094 3142 1234 3231 [sumus]

285 3241 375 3305 tturi?
402 3242 589 3324 etquidem
614 3264 679 3306 non
706 3254 828 3308 tantum
857 3240 1048 3329 [homines],
1076 3240 1133 3305 sed
1158 3240 1235 3303 deos

285 3360 306 3399 n
320 3357 379 3399 suo
391 3336 511 3401 honore
524 3336 721 3401 fraudaturi?
739 3338 786 3402 dis
801 3358 929 3421 quoque
945 3336 1040 3412 enim,
1054 3355 1118 3399 non
1133 3333 1236 3399 solum
1254 3351 1287 3401 ιο

285 3429 391 3493 inibus
415 3431 550 3495 debetur
572 3432 761 3517 triumphus.
805 3431 942 3496 maiores
969 3429 1067 3495 vestri
1093 3428 1236 3493 omnium

285 3548 401 3589 narum
431 3548 537 3590 rerum
568 3537 599 3591 et
631 3526 788 3613 principia
818 3526 924 3591 exorsi
950 3525 992 3590 ab
1024 3524 1073 3588 dis
1099 3534 1174 3588 sunt
1205 3535 1238 3588 et

285 3640 308 3680 n
334 3628 523 3683 statuerunt.
576 3622 687 3684 consul
718 3620 921 3705 proficiscens
947 3630 1114 3703 praetorve
1145 3617 1286 3703 palu-11

285 3736 294 3777 s
324 3713 487 3779 lictoribus
517 3715 552 3778 in
582 3715 779 3800 provinciam
810 3726 843 3779 et
874 3713 916 3779 ad
946 3713 1066 3779 bellum
1096 3724 1172 3778 vota
1203 3712 1236 3777 in

285 3807 373 3871 itolio
404 3820 581 3894 nuncupat3
616 3808 719 3874 victor
747 3819 928 3895 perpetrato
955 3829 994 3873 eo
1025 3805 1171 3894 [e0]dem
1202 3807 1237 3870 in

285 3901 373 3967 itolio
407 3902 607 3986 triumphans
642 3904 684 3968 ad
718 3903 848 3968 eosdem
883 3901 975 3979 deos,
1016 3902 1132 3986 quibus
1162 3911 1237 3964 vota

285 3997 424 4081 cupavit,
450 3998 563 4061 merita
589 3998 674 4063 dona
696 4008 826 4083 portans
851 3996 943 4062 redit.
991 4019 1065 4084 pars
1087 4017 1151 4060 non
1176 3993 1237 4057 mi-
1256 4011 1286 4057 12

285 4114 298 4155 a
316 4090 470 4176 triumphi
488 4101 536 4157 est
550 4092 698 4157 victimae
715 4091 951 4178 praecedentes,
968 4105 1006 4156 ut
1019 4097 1170 4178 appareat
1186 4085 1236 4150 dis

285 4209 317 4251 es
339 4196 490 4271 agentem
512 4187 735 4272 imperatorem
752 4188 795 4252 ob
812 4209 880 4252 rem
901 4186 1063 4272 publicam
1080 4183 1162 4246 bene
1178 4201 1236 4266 ge·

285 4306 292 4346 ι
315 4280 431 4347 redire.
476 4280 578 4346 omnis
600 4281 671 4346 illas
692 4280 854 4359 victimas,
872 4303 953 4364 quas
974 4274 1185 4343 traducendas
1201 4274 1235 4339 in
