3359 5092
344 504 387 570 80
549 515 667 571 LIBER
683 514 843 585 ΧΧΧΧΠ,
863 516 904 571 61.
919 515 962 570 62.
982 513 1164 585 [1111583]

311 696 326 744 o
345 674 509 739 divisimus
526 673 608 738 inter
625 695 692 737 vos.
719 693 780 738 nec
801 672 956 738 minorem
975 672 1015 737 de
1032 670 1212 758 legionibus
1229 671 1349 757 peditun
1393 733 1395 738 .

344 769 510 834 victoriam
530 765 671 843 habetis,
694 787 777 850 quae
799 776 955 831 nocturna
975 765 1056 852 tinga
1077 765 1169 830 vobis
1193 764 1351 831 subtractae

344 863 573 949 naufragorum
595 860 806 946 trepidatione
828 860 948 947 passim
965 860 1145 925 natantium
1161 860 1282 926 flumen
1297 882 1352 926 101

312 979 325 1025 r
344 957 521 1043 pleverunt
553 955 611 1021 sed
628 955 755 1021 facilius
772 955 865 1020 nobis
883 954 1090 1040 sequentibus
1108 954 1210 1021 victos
1228 954 1353 1022 Peneum

346 1073 496 1137 superare
510 1050 578 1128 erit,
592 1070 689 1134 quam
702 1049 765 1115 illis
778 1049 1011 1136 trepidantibus
1024 1049 1101 1127 fuit3
1119 1050 1354 1137 transgressique

345 1145 504 1231 extemplo
527 1155 631 1209 castra
653 1143 926 1231 oppugnabimus,
952 1166 1036 1228 quae
1054 1143 1150 1210 bodie
1168 1144 1354 1230 cepissemus,
1396 1227 1397 1234 ¹

312 1261 327 1309 8
345 1238 379 1303 ni
401 1239 574 1325 fugissent3
601 1249 658 1303 aut
680 1239 707 1302 si
729 1238 797 1304 acie
815 1238 986 1303 decernere
1008 1237 1133 1315 volent,
1159 1238 1297 1305 eundem
1311 1259 1355 1324 pu·

345 1355 429 1419 gnae
450 1332 605 1419 pedestris
629 1344 780 1399 eventum
804 1342 985 1418 expectate,
1011 1332 1068 1416 qui
1089 1331 1235 1416 equitum
1256 1332 1290 1398 in
1305 1353 1370 1418 111-Ι

313 1426 465 1496 stamine
491 1425 573 1491 fuit’
617 1425 727 1510 etqui
752 1426 895 1491 vicerant
917 1426 1054 1504 alacres,
1081 1425 1185 1512 spolia
1211 1448 1356 1494 caesornn

344 1521 484 1586 hostium
505 1520 646 1585 humeris
668 1529 816 1606 gerentes
838 1520 983 1586 facinora
1005 1543 1064 1586 sua
1087 1520 1256 1596 audivere,
1279 1544 1315 1587 11
1328 1539 1356 1586 10

299 1638 327 1686 ro
346 1614 433 1699 quod
446 1613 604 1681 acciderat
617 1637 707 1700 spem
720 1614 820 1680 futuri
833 1615 1075 1701 praecipientes,
1093 1625 1126 1681 et
1138 1615 1264 1701 pedites
1273 1615 1356 1680 aliena

345 1709 448 1795 gloria
461 1708 596 1785 accensi,
609 1709 780 1794 praecipue
793 1708 850 1793 qui
858 1708 1077 1775 Macedonum
1089 1707 1262 1796 phalangis
1275 1721 1355 1784 erant,
1396 1697 1397 1714 ¹

345 1803 408 1867 sibi
424 1824 552 1888 quoque
574 1814 606 1868 et
628 1804 796 1868 navandae
813 1804 883 1889 regi
900 1825 1017 1890 operae
1035 1814 1068 1869 et
1085 1804 1223 1870 similem
1240 1804 1355 1890 glorian

296 1920 326 1966 11
345 1921 386 1963 ex
412 1898 503 1963 hoste
528 1897 673 1983 pariendi
695 1895 910 1985 occasione[m
932 1897 1096 1983 optabant.
1140 1895 1302 1985 contione]
1320 1896 1355 1961 di·
1396 1893 1397 1898 ’

345 1992 457 2068 missa,
483 2002 556 2077 post
556 2013 610 2056 110
637 1992 690 2056 die
715 1990 879 2077 profectus
907 1991 983 2057 inde
1009 1992 1052 2056 ad
1076 1992 1245 2079 Mopsium
1270 1989 1397 2086 posuit
1395 1993 1398 2036 2

346 2095 459 2151 castra.
495 2087 637 2151 tumulus
657 2086 710 2152 hio
729 2097 803 2151 aute
820 2086 944 2173 Tempe
961 2086 1080 2152 eminet
1097 2086 1233 2154 Larisae
1251 2086 1354 2154 medius
1393 2067 1397 2138 l

344 2182 362 2260 t
380 2177 568 2245 abestonum
584 2194 659 2232 aas

314 2297 327 2343 1
409 2271 523 2338 LXII.
543 2270 792 2360 [Romam,]non
801 2274 1354 2360 abscedenesabnpaPene1‚tmns·

312 2389 327 2437 2
344 2367 486 2433 tulerunt
501 2367 536 2432 iu
552 2369 659 2433 locum
675 2368 825 2438 tutiorem
843 2379 955 2455 castra.
983 2391 1021 2435 eo
1034 2369 1223 2455 Misagenes
1233 2367 1355 2435 Numida
1394 2375 1397 2442 l

345 2462 433 2527 venit
450 2484 523 2527 cum
540 2463 628 2528 mille
645 2463 821 2546 equitibus,
838 2462 909 2549 pari
926 2463 1071 2549 peditum
1088 2487 1235 2542 numero,
1254 2465 1295 2530 ad
1309 2464 1354 2528 hor

311 2577 326 2624 a
345 2556 522 2643 elephantis
541 2558 667 2622 duobus
684 2567 717 2623 et
733 2557 857 2643 viginti.
896 2579 954 2643 per
970 2579 1025 2624 eos
1044 2558 1112 2624 dies
1130 2559 1299 2625 consilinm
1313 2558 1356 2622 la·

343 2649 431 2715 beuti
448 2650 518 2735 regi
536 2650 576 2715 de
593 2672 720 2715 summa
736 2647 885 2738 [rerum]‚
903 2672 977 2716 cum
993 2651 1060 2716 iam
1076 2652 1275 2719 consedisset
1290 2652 1356 2719 fero·
1394 2691 1397 2740 q

345 2744 396 2808 cia
413 2743 455 2807 ab
472 2766 507 2808 re
525 2743 608 2809 bene
625 2756 732 2829 gesta,
749 2745 819 2809 ausi
837 2757 913 2809 sunt
929 2744 1061 2829 quidam
1078 2746 1255 2813 amicorum
1272 2743 1357 2813 consi·

344 2837 424 2901 lium
447 2837 538 2913 dare,
564 2848 601 2902 ut
621 2838 762 2902 secunda
784 2838 913 2904 fortuna
929 2839 964 2905 in
981 2839 1201 2907 condicionem
1223 2843 1358 2909 honesta

345 2932 434 3019 pacis
455 2942 598 2997 uteretur
620 2933 727 3018 potius
749 2955 847 3018 quam
869 2957 926 3021 spe
949 2957 1034 3000 vana
1056 2946 1186 3001 evectus
1208 2936 1244 3001 in
1265 2956 1358 3002 oasun

311 3048 328 3095 4
345 3026 592 3092 inrevocabilem
610 3049 645 3092 se
663 3027 767 3093 daret:
790 3028 923 3093 modum
939 3028 1092 3115 inponere
1110 3031 1261 3098 secundis
1278 3032 1359 3097 rebus

344 3144 404 3188 nec
421 3122 515 3187 nimis
533 3123 662 3189 credere
680 3124 843 3190 serenitati
860 3125 1035 3210 praesentis
1052 3123 1216 3205 10111111,
1234 3126 1359 3214 pruden-

311 3238 326 3284 5
344 3217 386 3282 tis
402 3216 541 3281 hominis
558 3227 591 3283 et
612 3217 726 3282 merito
749 3217 851 3283 felicis
868 3240 948 3283 esse.
991 3219 1132 3285 mitteret
1149 3220 1192 3285 ad
1210 3221 1360 3287 consulem

343 3312 400 3395 qui
416 3311 531 3377 foedus
547 3311 581 3375 in
600 3311 729 3378 easdem
745 3311 835 3398 leges
852 3324 1051 3389 renovarent,
1069 3313 1187 3397 quibus
1203 3314 1361 3401 Philippu

343 3418 435 3491 pater
465 3405 534 3471 eius
564 3427 677 3490 pacem
709 3407 751 3471 ab
782 3407 822 3471 Τ.
854 3405 1007 3488 Quinctio
1036 3408 1157 3474 victore
1187 3410 1362 3496 accepisset

311 3517 451 3582 tneque
469 3498 614 3564 desinere
636 3500 757 3565 bellum
774 3500 1029 3586 magnificentius
1047 3523 1145 3586 quam
1163 3502 1206 3567 ab
1225 3514 1292 3568 tam
1308 3523 1363 3567 me·
1396 3555 1397 3568 ,

345 3591 493 3656 morabili
517 3613 628 3679 pugna
656 3591 786 3681 [posse,
812 3591 937 3679 neque]
968 3616 1060 3681 spem
1086 3594 1262 3663 firmiorem
1287 3595 1364 3683 pacis
1396 3611 1398 3620 ’

344 3693 518 3771 perpetuae
544 3686 629 3765 dari,
660 3709 758 3772 quam
789 3709 873 3772 quae
903 3688 1066 3773 perculsos
1092 3689 1231 3756 adverso
1256 3689 1365 3777 proelio

312 3779 509 3846 rRomanos
525 3782 687 3848 molliores
708 3781 834 3847 factura
850 3781 891 3845 sit
912 3781 955 3846 ad
977 3782 1216 3867 paciscendum.
1262 3780 1365 3871 quodsi

342 3873 480 3940 Romani
498 3886 567 3940 tum
585 3897 713 3960 quoque
734 3875 830 3940 insita
846 3874 1021 3962 pertinacia
1044 3899 1148 3963 aequa
1166 3901 1365 3966 aspernaren-

343 3980 409 4047 tur,
433 3970 509 4035 deos
530 3970 738 4054 hominesque
760 3983 794 4037 et
813 3970 1040 4037 moderationis
1056 3971 1171 4040 Persei
1193 3988 1227 4040 et
1248 3977 1365 4042 illorum

309 4083 325 4131 8
341 4064 518 4150 pervicacis
536 4063 704 4150 superbiae
721 4065 846 4130 futuros
863 4076 970 4131 testes.
1001 4088 1178 4152 numquam
1195 4070 1239 4134 ab
1257 4069 1364 4135 talibus

343 4157 482 4222 consiliis
499 4157 691 4222 abhorrebat
714 4157 798 4244 regis
815 4158 951 4224 animus.
995 4160 1105 4245 itaque
1122 4162 1298 4248 plurimum
1314 4160 1364 4226 ad·

310 4271 439 4317 ssensu
466 4252 661 4338 conprobata
687 4253 857 4330 sententia,
887 4253 986 4339 legati
1015 4254 1056 4319 ad
1087 4258 1255 4323 consulem
1285 4252 1362 4322 missi
