3359 5092
496 541 614 600 urana
630 544 788 618 xxxxu,
807 547 832 601 s.
847 547 889 602 1o.
908 551 948 615 [a
958 546 990 604 c.
1000 548 1063 618 173]
1254 535 1297 603 35

285 703 404 769 rfestus
424 702 563 788 praetori
585 701 723 768 Romam
744 703 854 781 rediit,
876 715 1053 790 senatuque
1076 708 1236 794 extemplo
1255 708 1295 773 ad

285 800 380 864 edem
397 797 554 863 Bellonae
570 808 700 873 vocato,
723 798 832 862 multis
851 799 956 864 verbis
974 800 1133 866 invectust
1153 801 1188 866 in
1204 824 1297 888 prae·

285 915 383 970 orem,
410 891 467 977 qui
490 913 564 957 cum
580 892 623 956 ob
645 914 714 956 rem
736 892 821 957 bello
844 893 926 959 bene
942 906 1067 981 gestam
1089 896 1137 960 uti
1159 896 1220 962 diis
1236 898 1330 965 ἱππ-3

285 986 456 1052 nortalibus
473 985 574 1051 honos
592 986 764 1052 haberetur
776 987 894 1054 referre
909 988 950 1053 ad
966 999 1111 1054 senatum
1125 990 1296 1069 debuisset,

285 1081 423 1147 dversus
442 1103 476 1146 se
494 1102 553 1167 pro
570 1081 716 1145 hostibus
734 1092 863 1147 senatus
878 1084 1059 1148 consultum
1077 1084 1214 1163 fecisset,
1232 1108 1296 1171 quo

285 1176 435 1241 icteriam
453 1196 545 1239 suam
563 1174 605 1239 ad
622 1173 762 1260 Ligures
780 1176 966 1242 transferret
983 1177 1120 1262 dedique
1141 1178 1180 1244 iis
1197 1200 1297 1266 prope

285 1269 434 1334 onsulem
450 1279 578 1355 praetor
594 1268 734 1334 iuberet:
755 1269 864 1353 itaque
881 1271 1015 1336 multam
1033 1272 1062 1338 ei
1079 1294 1114 1338 sc
1132 1272 1255 1351 dicere;
1277 1296 1298 1337 a
1314 1292 1332 1339 4

285 1363 415 1429 auibus
440 1363 617 1449 postulare,
644 1374 681 1428 ut
706 1374 835 1429 senatus
863 1366 1042 1430 consultum
1062 1367 1096 1429 in
1118 1388 1153 1431 se
1175 1367 1296 1432 factum

285 1457 336 1523 olli
360 1458 510 1523 iuberent
536 1457 876 1543 supplicationemque,
910 1480 1007 1542 quam
1038 1460 1169 1526 absente
1195 1483 1229 1526 se
1256 1479 1330 1527 exa

285 1551 380 1618 itteris
399 1551 441 1616 de
459 1551 541 1617 bene
557 1562 701 1636 gestare
718 1550 848 1637 publica
865 1552 969 1616 missis
988 1552 1158 1619 decernere
1176 1553 1296 1620 debue-

285 1648 346 1724 lnt,
363 1656 533 1733 praesente
550 1645 679 1711 honoris
697 1646 829 1712 deorum
846 1646 984 1732 primum
1002 1670 1113 1727 causa,
1132 1649 1246 1714 deinde
1264 1659 1296 1714 et

285 1743 318 1807 ui
334 1741 444 1826 aliquo
462 1751 571 1806 tamen
591 1751 738 1827 respectu
756 1740 971 1807 decernerent.
1006 1742 1106 1807 nihilo
1122 1743 1295 1808 lenioribus
1314 1762 1329 1809 6

285 1858 365 1920 pam
392 1835 511 1899 absens
537 1846 720 1900 senatorum
750 1836 871 1919 aliquot
896 1836 1092 1903 orationibus
1123 1837 1296 1923 increpitus

285 1942 382 1997 entra
398 1929 568 2014 impetrata
584 1951 619 1994 re
636 1930 670 1994 in
687 1929 885 2016 provinciam
901 1930 1005 1996 rediit.

331 2024 429 2089 Alter
450 2023 562 2088 consul
584 2022 770 2088 Postumius
793 2035 990 2110 consumpta.
1008 2034 1127 2089 aestate
1149 2025 1182 2088 in
1208 2044 1329 2091 rece-t

285 2117 463 2204 poscendis
482 2116 581 2202 agris,
603 2139 644 2182 ne
662 2117 732 2181 visa
749 2118 879 2202 quidem
896 2118 1060 2204 provincia
1078 2141 1137 2183 sua
1154 2118 1297 2183 comitio-

285 2234 448 2279 umcausa
456 2211 594 2276 Romam
601 2210 704 2277 rediit.
722 2212 868 2277 consules
878 2210 917 2277 Ο.
926 2213 1100 2299 Popillium
1109 2213 1296 2290 Laenatem,
1314 2233 1330 2282 8

285 2305 309 2371 l.
325 2306 459 2373 Aelium
483 2306 640 2392 Ligurem
661 2306 790 2372 creavit.
838 2318 1001 2392 praetores
1023 2307 1139 2373 exinde
1160 2307 1238 2372 facti
1256 2304 1295 2371 O.

285 2399 414 2469 bicinius
434 2399 583 2478 Crassus,
601 2400 651 2466 M.
669 2400 782 2466 Iunius
799 2400 942 2479 Pennus,
961 2400 1019 2488 Sp.
1037 2402 1218 2478 Lucretius,
1237 2400 1294 2486 Sp.

285 2491 416 2574 dlutius,
436 2493 500 2562 On.
519 2494 670 2572 Sicinius,
689 2493 745 2583 [C.
763 2494 955 2583 Memmius]
973 2497 1098 2561 iterum.

338 2589 384 2655 X.
407 2590 457 2656 Eo
482 2612 567 2655 anno
593 2591 730 2655 lustrum
756 2590 920 2657 conditum
945 2601 1007 2668 est3
1034 2612 1180 2656 censores
1207 2599 1329 2656 erantr

289 2680 462 2764 QFulrius
483 2683 645 2772 [Flaccus
662 2686 707 2750 A.
715 2683 919 2772 Postumius]
937 2684 1077 2750 Albinus
1082 2709 1092 2762 ;
1109 2683 1296 2750 Postumius

289 2777 418 2845 condidit.
463 2803 561 2846 censa
577 2790 652 2845 sunt
668 2781 785 2846 civium
802 2782 1021 2847 Romanorum
1039 2780 1144 2867 capita
1161 2781 1298 2846 ducenta
1315 2799 1330 2847 2

285 2875 438 2961 sexaginta
461 2898 581 2940 novem
607 2874 695 2941 milia
720 2886 753 2942 et
778 2876 974 2960 quindecim,
1005 2876 1110 2940 minor
1134 2875 1328 2959 aliquantos

286 2988 432 3047 numerus,
450 2970 527 3054 quia
535 2969 575 3034 L.
586 2970 772 3036 Postumius
786 2972 898 3036 consul
914 2992 972 3056 pro
986 2971 1131 3036 contione
1145 2971 1297 3047 edixerat,

287 3063 329 3144 qui
348 3064 470 3130 socium
488 3063 596 3129 Latini
619 3065 755 3130 nominis
778 3088 819 3130 ex
842 3065 945 3131 edicto
965 3062 1004 3130 C.
1023 3062 1140 3129 Claudi
1159 3063 1296 3154 consulis

287 3157 373 3224 adire
389 3158 424 3223 in
442 3158 587 3225 civitates
599 3181 674 3224 suas
689 3157 883 3235 debuissent,
900 3158 1026 3243 nequis
1045 3178 1155 3223 eorum
1164 3158 1297 3233 Romae,

287 3261 312 3313 et
327 3273 435 3317 omnes
456 3253 493 3317 in
513 3253 579 3317 suis
601 3253 781 3319 civitatibus
805 3257 1018 3318 censerentur.
1067 3272 1198 3317 concors
1225 3260 1257 3314 et
1279 3268 1330 3317 et

287 3348 458 3432 republica
475 3369 611 3414 censura
631 3347 704 3413 fuit.
747 3348 864 3427 omnis,
891 3369 972 3432 quos
994 3356 1108 3412 senatu
1130 3357 1297 3410 moverunt

287 3440 453 3526 quibusque
476 3464 575 3527 equos
601 3443 803 3522 ademerunt,
829 3444 967 3509 aerarios
988 3444 1133 3508 feceumt
1155 3451 1187 3505 et
1212 3440 1298 3505 tribu

289 3548 455 3613 noverunt,
471 3559 576 3621 neque
594 3538 635 3603 ab
653 3539 752 3604 altero
769 3549 915 3603 notatum
933 3540 1012 3604 alter
1029 3536 1185 3624 probavit.
1220 3534 1332 3601 Ful-5

289 3625 346 3694 vius
367 3630 480 3696 aedem
497 3630 660 3698 Fortunae
681 3633 850 3717 equestris,
876 3655 973 3717 quam
995 3631 1166 3717 proconsul
1186 3630 1221 3695 in
1237 3628 1299 3693 Hi·

288 3723 385 3805 spania
411 3724 566 3790 dimicans
593 3748 667 3791 cum
693 3724 926 3793 Celtiberorum
951 3725 1131 3811 legionibus
1157 3734 1298 3802 voverat,

288 3817 364 3882 nnis
381 3841 439 3883 sex
456 3840 612 3904 posquam
630 3833 760 3886 voverat
778 3821 950 3899 dedicavit,
973 3831 1006 3886 et
1022 3820 1183 3885 scaenicos
1204 3816 1299 3882 ludos

287 3928 333 3992 per
347 3911 572 3997 quadriduum,
588 3936 690 3979 unum
708 3916 791 3981 diem
808 3916 843 3982 in
861 3916 943 3980 circo
961 3915 1046 3980 fecit.

339 4005 379 4072 L.
399 4004 568 4074 Cornelius
586 4009 758 4089 Lentulus,
781 4010 942 4076 decemvir
959 4032 1136 4087 sacrorum,
1158 4030 1196 4074 eo
1214 4027 1299 4072 anno
1317 4026 1332 4075 o

285 4113 418 4168 mortuus
436 4115 496 4169 est.
531 4102 688 4168 inlocum
706 4106 775 4170 eius
793 4105 946 4171 suffectus
959 4107 1002 4171 A.
1011 4103 1196 4169 Postumius
1205 4100 1299 4163 Albi·

285 4215 345 4261 nus.
370 4198 569 4263 lucustarum
586 4209 693 4265 tantae
710 4200 813 4266 nubes
826 4224 847 4266 a
858 4201 938 4265 mari
955 4211 1085 4286 repente
1102 4198 1136 4262 in
1143 4194 1298 4282 Apuliam
1318 4218 1332 4264 t

285 4292 390 4360 blatea
408 4304 498 4372 sunt,
516 4305 553 4359 ut
570 4296 769 4362 examinibus
786 4297 853 4362 suis
872 4318 965 4381 egros
983 4297 1046 4360 late
1065 4291 1240 4379 operirent3
1258 4293 1299 4355 ad
1317 4310 1333 4356 8

761 4383 768 4404 .
1095 4395 1130 4449 3*
