3359 5092
407 559 525 616 nmen
541 559 701 631 mxu,
719 561 819 616 11.12.
837 549 1063 634 [moutam]
1206 551 1247 619 37

301 740 418 784 necem
426 717 573 783 Demetri
589 718 634 782 fili
647 718 768 783 rettulit
783 718 980 785 adversantis
989 721 1136 787 Romano
1149 723 1247 790 bello:

285 826 451 879 ternarum
467 823 596 898 gentem
614 812 751 877 excitam
765 812 894 877 sedibus
913 814 989 890 suis,
1007 836 1144 898 quornm
1157 819 1247 883 auxi-

285 909 420 975 fretus
410 932 445 973 m
465 907 593 972 Italiam
615 907 777 985 transiret3
803 907 884 972 bueo
902 931 975 973 eum
997 910 1223 976 volutantem
1213 934 1280 980 ms

285 1026 324 1069 uo
347 1013 606 1089 oppressnmt
558 1002 625 1066 feto
642 1024 780 1086 regnum
798 1024 828 1066 er
817 1001 1025 1086 reliquisse,
1048 1025 1144 1088 quem
1166 1007 1247 1074 infe·

285 1099 395 1163 dmum
417 1119 486 1161 esse
509 1096 659 1161 sensisset
679 1095 845 1161 Romanis.
886 1096 997 1180 itaque
1014 1096 1135 1163 Persea
1156 1100 1247 1166 here·

285 1195 422 1259 riuma
385 1189 422 1277 [a
417 1188 436 1276 Ἰ
455 1203 546 1276 patre
562 1190 707 1256 relietum
723 1190 844 1255 bellum
862 1201 895 1254 et
912 1190 1007 1256 simul
1024 1214 1097 1257 oum
1114 1193 1247 1279 imperio

285 1289 372 1352 itum
393 1287 459 1350 iam
480 1285 605 1371 pridem
626 1285 710 1350 alere
732 1306 771 1350 ao
796 1284 907 1350 fovere
929 1286 1077 1351 omnibus
1097 1288 1246 1353 consiliis.

285 1405 332 1448 ere
348 1393 516 1467 praeterea
530 1379 707 1456 iuventute,
725 1399 822 1463 quam
840 1379 971 1464 stirpem
988 1378 1086 1468 longa
1101 1403 1166 1467 pax
1180 1383 1246 1447 edi·
1265 1402 1279 1450 6

285 1491 309 1551 t,
326 1476 442 1540 florere
454 1474 570 1560 opibus
582 1474 684 1559 regni,
702 1473 815 1539 florere
828 1474 924 1539 etiam
937 1485 1050 1540 aetate
1078 1496 1160 1559 quee
1174 1498 1247 1541 oum

285 1571 360 1636 >oris
377 1569 493 1634 robore
510 1591 549 1634 ao
565 1568 687 1633 viribus
704 1567 823 1654 vigeat,
843 1569 984 1634 animum
1002 1592 1072 1636 osse
1089 1571 1246 1637 invetera-

294 1664 422 1729 diutina
436 1675 503 1728 arte
520 1674 616 1746 atque
630 1686 692 1727 usu
709 1663 794 1729 belli.
820 1664 886 1727 iam
902 1665 978 1729 inde
992 1688 1012 1729 a
1028 1687 1129 1751 puero
1146 1666 1245 1751 patris
1265 1687 1278 1732 r

285 1757 428 1824 ubernio
437 1757 590 1823 Romanis
608 1778 736 1842 quoque
754 1756 856 1835 bellis,
874 1780 940 1823 non
952 1759 1105 1824 finitumis
1121 1771 1246 1824 tantum

285 1867 398 1930 retum,
416 1853 549 1918 missum
566 1876 585 1917 a
602 1865 692 1938 patre
707 1853 743 1917 in
761 1852 979 1939 expeditiones
997 1855 1113 1919 multas
1127 1855 1247 1919 varias-

285 1999 288 2012 .
331 1949 399 2012 iam
418 1970 459 2012 ex
479 1969 544 2031 quo
565 1949 634 2033 ipse
652 1948 828 2033 aooepisset
844 1970 994 2034 regnum,
1021 1949 1135 2027 multa,
1161 1967 1279 2032 quaes

295 2043 339 2120 vi,
357 2065 425 2107 non
442 2041 517 2106 dolo
525 2041 696 2128 Philippus
714 2043 822 2107 omnia
839 2054 989 2128 expertus
1006 2044 1162 2129 potuisset
1178 2066 1247 2107 mo·

302 2136 494 2202 admirando
515 2159 621 2201 rerum
643 2158 793 2202 suooessu
811 2138 960 2203 tenuisse.
1009 2136 1182 2203 adoessisse
1204 2138 1279 2202 ads

285 2255 297 2297 s
315 2253 401 2309 earn,
419 2252 503 2315 quae
520 2231 618 2316 longo
634 2242 778 2316 tempore
796 2232 905 2296 multis
922 2232 1112 2318 magnisque
1125 2232 1246 2298 meritis

285 2340 391 2403 uetur,
408 2326 641 2391 auctoritatem.

285 2419 363 2486 XII.
387 2420 474 2485 Nam
492 2432 570 2507 aput
585 2418 742 2486 Graeciae
760 2432 856 2506 atque
864 2422 964 2486 Asiae
982 2422 1126 2487 civitates
1144 2422 1246 2486 vereri
1265 2438 1278 2482 1

285 2527 415 2581 nutem
434 2516 503 2580 eius
521 2535 640 2579 omnes.
666 2537 727 2580 neo
743 2537 803 2601 pro
821 2516 938 2600 quibus
955 2516 1086 2592 meritis,
1103 2536 1161 2600 pro
1179 2536 1246 2599 qua

285 2609 434 2675 nifioentia
452 2620 576 2674 tantum
594 2632 625 2675 er
614 2609 809 2687 tribuatur,
829 2631 968 2686 eernere,
986 2631 1046 2674 neo
1064 2609 1169 2675 dioere
1169 2631 1244 2704 pro

285 2715 432 2790 toposse,
455 2715 564 2768 utrum
579 2704 731 2769 felicitate
748 2704 783 2768 id
800 2704 985 2788 quadam
957 2726 1025 2769 ems
1043 2693 1175 2780 aecidat,
1194 2727 1245 2781 an,
1264 2720 1279 2767 a

285 2797 332 2862 d
321 2822 392 2885 rpse
409 2809 558 2864 vereatur
575 2799 690 2877 disere,
708 2799 829 2864 invidia
846 2799 1000 2864 adversus
1017 2799 1180 2865 Romanos
1196 2799 1246 2863 fa-

285 2916 326 2959 uo
346 2894 396 2958 illi
418 2894 574 2959 conciliet.
616 2894 700 2960 inter
721 2895 808 2979 ipsos
826 2916 956 2979 quoque
972 2915 1065 2981 reges
1082 2896 1245 2981 ingentem
1264 2911 1279 2958 3

285 2991 407 3055 toritate
422 2987 539 3076 [esse];
556 2987 686 3056 Seleuci
702 2990 801 3055 liliam
819 2991 949 3056 duxisse
962 3013 1036 3056 eum
1052 3013 1119 3056 non
1134 3001 1245 3075 peten-

285 3083 367 3161 ,sed
384 3085 520 3169 petitum
538 3085 632 3160 ultro,
650 3103 792 3150 sororem
808 3085 933 3151 dedisse
950 3084 1085 3150 Prusiae
1101 3085 1245 3169 precanti

285 3201 314 3244 re
335 3180 455 3256 oranti3
482 3180 657 3244 oelebrutas
679 3202 749 3245 esse
775 3191 927 3263 utrasque
948 3180 1075 3265 nuptias
1101 3178 1243 3263 gratula-
1261 3195 1278 3240 4

284 3295 302 3338 e
320 3270 385 3359 [et]
403 3273 496 3338 donis
512 3274 792 3340 innumerabilium
814 3274 1011 3360 legationum
1030 3283 1062 3337 st
1080 3272 1170 3337 velut
1187 3293 1243 3336 au-

285 3367 358 3432 ibus
380 3367 595 3432 nobilissumis
617 3370 744 3454 populis
762 3369 915 3434 deductas
932 3391 1012 3433 esse.
1047 3366 1244 3432 Boeotorum
1262 3384 1277 3430 5

285 3473 363 3539 tem,
390 3473 553 3548 ooptatam
577 3462 744 3548 Philippo,
769 3484 947 3546 numquam
974 3461 1015 3526 ad
1041 3460 1243 3525 scribendum

285 3555 376 3621 oitiae
396 3555 513 3620 foedus
530 3556 647 3623 adduoi
669 3557 825 3642 potuisse3
849 3556 950 3621 tribus
967 3577 1053 3620 nuno
1073 3555 1153 3620 loeis
1172 3576 1245 3618 oum

285 3671 339 3714 seo
355 3649 470 3715 foedus
486 3650 623 3715 incisum
641 3652 754 3716 litteris
767 3674 849 3728 esse,
866 3670 931 3715 uno
940 3648 1071 3727 Thebis,
1090 3649 1188 3714 altero
1203 3647 1245 3712 ad
1262 3666 1276 3712 6

285 3743 403 3820 ideum,
421 3746 660 3830 augustissumo
676 3759 708 3811 et
724 3746 942 3812 oelebernnno
954 3745 989 3810 in
1006 3744 1134 3829 templo,
1152 3743 1243 3808 tertio

285 3838 365 3923 pbis.
408 3840 444 3904 in
459 3839 605 3907 thaioo
623 3841 757 3908 eonoilio
774 3864 850 3908 vero
872 3841 935 3905 nisi
958 3835 1102 3906 dis'oussa
1118 3861 1169 3903 res
1185 3858 1244 3921 per

286 3955 338 3998 eos
363 3934 549 4000 Romanum
572 3936 741 4022 imperium
771 3936 956 4002 intentantis
983 3945 1080 4009 esset,
1111 3953 1149 3997 eo
1175 3952 1244 3995 rem

285 4049 317 4112 pe
338 4029 524 4107 adductam,
549 4042 586 4095 nt
608 4031 713 4096 aditus
736 4031 766 4096 ei
787 4031 822 4096 in
843 4030 1002 4095 Achaiam
1024 4028 1160 4091 daretur.
1209 4032 1243 4085 at
1264 4040 1276 4085 7

285 4123 346 4189 :ule
362 4145 438 4188 suos
455 4124 603 4201 bonores,
620 4125 711 4189 ouius
724 4125 838 4192 merita
854 4126 888 4189 in
903 4147 973 4190 eam
991 4132 1118 4207 gentem
1137 4116 1242 4201 priva·

288 4240 329 4282 an
342 4219 470 4303 publioe
483 4219 547 4284 n’nt
560 4219 681 4284 maiora
693 4220 747 4284 vix
760 4219 823 4285 dioi
836 4232 953 4306 posset,
971 4215 1087 4303 partim
1102 4211 1241 4276 desertos

292 4311 449 4378 incultum
465 4335 505 4379 oo
521 4314 773 4401 neglegentiam,
795 4314 912 4401 purtim
929 4309 1083 4377 hostiliter
1101 4307 1242 4373 sublatos
