<?xml version="1.0" encoding="UTF-8"?>
<!DOCTYPE html PUBLIC "-//W3C//DTD XHTML 1.0 Transitional//EN"
    "http://www.w3.org/TR/xhtml1/DTD/xhtml1-transitional.dtd">
<html xmlns="http://www.w3.org/1999/xhtml" xml:lang="en" lang="en">
 <head>
  <title>
</title>
<meta http-equiv="Content-Type" content="text/html;charset=utf-8" />
  <meta name='ocr-system' content='tesseract 3.04.00' />
  <meta name='ocr-capabilities' content='ocr_page ocr_carea ocr_par ocr_line ocrx_word'/>
</head>
<body>
  <div class='ocr_page' id='page_1' title='image "./titiliviaburbec02weisgoog_0167.png"; bbox 0 0 3359 5092; ppageno 0'>
   <div class='ocr_carea' id='block_1_1' title="bbox 496 552 1291 633">
    <p class='ocr_par' dir='ltr' id='par_1_1' title="bbox 496 552 1291 633">
     <span class='ocr_line' id='line_1_1' title="bbox 496 552 1291 633; baseline 0.001 -15"><span class='ocrx_word' id='word_1_1' title='bbox 496 562 1063 633; x_wconf 74' lang='lat' dir='ltr'><strong>amsaxxxxun‚r.s.[a.c.1uo]</strong></span> <span class='ocrx_word' id='word_1_2' title='bbox 1248 552 1291 619; x_wconf 86' lang='grc'><strong>93</strong></span> 
     </span>
    </p>
   </div>
   <div class='ocr_carea' id='block_1_2' title="bbox 285 720 1349 4393">
    <p class='ocr_par' dir='ltr' id='par_1_2' title="bbox 285 720 1324 1186">
     <span class='ocr_line' id='line_1_2' title="bbox 285 720 1324 809; baseline 0.005 -22"><span class='ocrx_word' id='word_1_3' title='bbox 285 722 474 808; x_wconf 57' lang='lat' dir='ltr'><strong>ficariorum,</strong></span> <span class='ocrx_word' id='word_1_4' title='bbox 492 720 525 784; x_wconf 92' lang='lat' dir='ltr'><strong>in</strong></span> <span class='ocrx_word' id='word_1_5' title='bbox 539 720 766 786; x_wconf 89' lang='lat' dir='ltr'><strong>Macedoniam</strong></span> <span class='ocrx_word' id='word_1_6' title='bbox 783 720 918 798; x_wconf 77' lang='lat' dir='ltr'>misisse,</span> <span class='ocrx_word' id='word_1_7' title='bbox 936 743 1010 786; x_wconf 88' lang='lat' dir='ltr'><strong>cum</strong></span> <span class='ocrx_word' id='word_1_8' title='bbox 1027 721 1212 809; x_wconf 87' lang='lat' dir='ltr'><strong>interrogati</strong></span> <span class='ocrx_word' id='word_1_9' title='bbox 1225 747 1290 789; x_wconf 90' lang='lat' dir='ltr'><strong>non</strong></span> <span class='ocrx_word' id='word_1_10' title='bbox 1309 748 1324 794; x_wconf 81' lang='lat'>2</span> 
     </span>
     <span class='ocr_line' id='line_1_3' title="bbox 285 814 1291 902; baseline 0.001 -21"><span class='ocrx_word' id='word_1_11' title='bbox 285 816 475 881; x_wconf 86' lang='lat' dir='ltr'><strong>nfitiarentur</strong></span> <span class='ocrx_word' id='word_1_12' title='bbox 490 827 568 900; x_wconf 89' lang='lat' dir='ltr'><strong>aput</strong></span> <span class='ocrx_word' id='word_1_13' title='bbox 576 814 698 880; x_wconf 90' lang='lat' dir='ltr'><strong>Persea</strong></span> <span class='ocrx_word' id='word_1_14' title='bbox 705 814 859 880; x_wconf 88' lang='lat' dir='ltr'><strong>maiorem</strong></span> <span class='ocrx_word' id='word_1_15' title='bbox 873 838 1041 880; x_wconf 92' lang='lat' dir='ltr'><strong>numerum</strong></span> <span class='ocrx_word' id='word_1_16' title='bbox 1055 818 1291 902; x_wconf 82' lang='lat' dir='ltr'><strong>sagittariorum</strong></span> 
     </span>
     <span class='ocr_line' id='line_1_4' title="bbox 285 909 1324 996; baseline 0.005 -21"><span class='ocrx_word' id='word_1_17' title='bbox 285 934 359 994; x_wconf 72' lang='lat' dir='ltr'><strong>quam</strong></span> <span class='ocrx_word' id='word_1_18' title='bbox 375 922 454 995; x_wconf 86' lang='lat' dir='ltr'><strong>aput</strong></span> <span class='ocrx_word' id='word_1_19' title='bbox 462 910 626 974; x_wconf 84' lang='lat' dir='ltr'><strong>Romanos</strong></span> <span class='ocrx_word' id='word_1_20' title='bbox 639 910 784 988; x_wconf 84' lang='lat' dir='ltr'><strong>militare,</strong></span> <span class='ocrx_word' id='word_1_21' title='bbox 801 932 990 996; x_wconf 88' lang='lat' dir='ltr'><strong>responsum</strong></span> <span class='ocrx_word' id='word_1_22' title='bbox 1004 922 1061 987; x_wconf 89' lang='lat' dir='ltr'><strong>est,</strong></span> <span class='ocrx_word' id='word_1_23' title='bbox 1080 913 1106 976; x_wconf 90' lang='lat' dir='ltr'><strong>si</strong></span> <span class='ocrx_word' id='word_1_24' title='bbox 1122 909 1290 979; x_wconf 82' lang='lat' dir='ltr'><strong>Cretenses</strong></span> <span class='ocrx_word' id='word_1_25' title='bbox 1309 933 1324 981; x_wconf 77' lang='lat' dir='ltr'><strong>a</strong></span> 
     </span>
     <span class='ocr_line' id='line_1_5' title="bbox 285 1006 1293 1093; baseline 0.003 -22"><span class='ocrx_word' id='word_1_26' title='bbox 285 1030 345 1071; x_wconf 77' lang='lat' dir='ltr'><strong>rene</strong></span> <span class='ocrx_word' id='word_1_27' title='bbox 361 1028 399 1070; x_wconf 89' lang='lat' dir='ltr'><strong>ac</strong></span> <span class='ocrx_word' id='word_1_28' title='bbox 412 1006 537 1071; x_wconf 87' lang='lat' dir='ltr'><strong>naviter</strong></span> <span class='ocrx_word' id='word_1_29' title='bbox 550 1007 744 1072; x_wconf 83' lang='lat' dir='ltr'><strong>destinarent</strong></span> <span class='ocrx_word' id='word_1_30' title='bbox 756 1007 912 1093; x_wconf 89' lang='lat' dir='ltr'><strong>potiorem</strong></span> <span class='ocrx_word' id='word_1_31' title='bbox 926 1007 1036 1093; x_wconf 90' lang='lat' dir='ltr'><strong>populi</strong></span> <span class='ocrx_word' id='word_1_32' title='bbox 1045 1007 1183 1073; x_wconf 89' lang='lat' dir='ltr'><strong>Romani</strong></span> <span class='ocrx_word' id='word_1_33' title='bbox 1195 1031 1293 1093; x_wconf 89' lang='lat' dir='ltr'><strong>quam</strong></span> 
     </span>
     <span class='ocr_line' id='line_1_6' title="bbox 285 1099 1290 1186; baseline 0.002 -21"><span class='ocrx_word' id='word_1_34' title='bbox 285 1101 348 1186; x_wconf 76' lang='lat' dir='ltr'><strong>regis</strong></span> <span class='ocrx_word' id='word_1_35' title='bbox 356 1099 470 1165; x_wconf 89' lang='lat' dir='ltr'><strong>Persei</strong></span> <span class='ocrx_word' id='word_1_36' title='bbox 483 1100 655 1166; x_wconf 90' lang='lat' dir='ltr'><strong>amicitiam</strong></span> <span class='ocrx_word' id='word_1_37' title='bbox 669 1100 796 1177; x_wconf 88' lang='lat' dir='ltr'><strong>habere,</strong></span> <span class='ocrx_word' id='word_1_38' title='bbox 812 1113 957 1166; x_wconf 89' lang='lat' dir='ltr'><strong>senatum</strong></span> <span class='ocrx_word' id='word_1_39' title='bbox 971 1123 1099 1185; x_wconf 92' lang='lat' dir='ltr'><strong>quoque</strong></span> <span class='ocrx_word' id='word_1_40' title='bbox 1108 1103 1290 1169; x_wconf 87' lang='lat' dir='ltr'><strong>Romanum</strong></span> 
     </span>
    </p>

    <p class='ocr_par' dir='ltr' id='par_1_3' title="bbox 285 1195 1326 1562">
     <span class='ocr_line' id='line_1_7' title="bbox 285 1195 1326 1281; baseline 0.005 -23"><span class='ocrx_word' id='word_1_41' title='bbox 285 1205 299 1258; x_wconf 76' lang='lat' dir='ltr'><strong>‘s</strong></span> <span class='ocrx_word' id='word_1_42' title='bbox 313 1212 463 1278; x_wconf 86' lang='lat' dir='ltr'><strong>tanquam</strong></span> <span class='ocrx_word' id='word_1_43' title='bbox 480 1195 574 1259; x_wconf 91' lang='lat' dir='ltr'><strong>certis</strong></span> <span class='ocrx_word' id='word_1_44' title='bbox 593 1198 674 1259; x_wconf 85' lang='lat' dir='ltr'><strong>socls</strong></span> <span class='ocrx_word' id='word_1_45' title='bbox 691 1217 879 1281; x_wconf 91' lang='lat' dir='ltr'><strong>responsum</strong></span> <span class='ocrx_word' id='word_1_46' title='bbox 898 1196 1047 1260; x_wconf 85' lang='lat' dir='ltr'><strong>daturum</strong></span> <span class='ocrx_word' id='word_1_47' title='bbox 1063 1219 1143 1262; x_wconf 89' lang='lat' dir='ltr'><strong>esse.</strong></span> <span class='ocrx_word' id='word_1_48' title='bbox 1170 1198 1291 1263; x_wconf 87' lang='lat' dir='ltr'><strong>interea</strong></span> <span class='ocrx_word' id='word_1_49' title='bbox 1308 1216 1326 1263; x_wconf 81' lang='grc'>4</span> 
     </span>
     <span class='ocr_line' id='line_1_8' title="bbox 285 1288 1291 1374; baseline 0.005 -23"><span class='ocrx_word' id='word_1_50' title='bbox 285 1289 447 1354; x_wconf 85' lang='lat' dir='ltr'><strong>nuntiarent</strong></span> <span class='ocrx_word' id='word_1_51' title='bbox 469 1289 550 1365; x_wconf 89' lang='lat' dir='ltr'><strong>suis,</strong></span> <span class='ocrx_word' id='word_1_52' title='bbox 573 1289 699 1373; x_wconf 89' lang='lat' dir='ltr'><strong>placere</strong></span> <span class='ocrx_word' id='word_1_53' title='bbox 721 1288 845 1353; x_wconf 89' lang='lat' dir='ltr'><strong>senatui</strong></span> <span class='ocrx_word' id='word_1_54' title='bbox 867 1288 944 1353; x_wconf 88' lang='lat' dir='ltr'><strong>dare</strong></span> <span class='ocrx_word' id='word_1_55' title='bbox 962 1312 1092 1374; x_wconf 87' lang='lat' dir='ltr'><strong>operam</strong></span> <span class='ocrx_word' id='word_1_56' title='bbox 1111 1288 1291 1367; x_wconf 84' lang='lat' dir='ltr'><strong>Cretenses,</strong></span> 
     </span>
     <span class='ocr_line' id='line_1_9' title="bbox 285 1383 1292 1469; baseline 0.003 -23"><span class='ocrx_word' id='word_1_57' title='bbox 285 1393 316 1459; x_wconf 87' lang='lat' dir='ltr'><strong>ut,</strong></span> <span class='ocrx_word' id='word_1_58' title='bbox 331 1404 410 1466; x_wconf 91' lang='lat' dir='ltr'><strong>quos</strong></span> <span class='ocrx_word' id='word_1_59' title='bbox 427 1383 544 1448; x_wconf 88' lang='lat' dir='ltr'><strong>milites</strong></span> <span class='ocrx_word' id='word_1_60' title='bbox 561 1383 645 1448; x_wconf 89' lang='lat' dir='ltr'><strong>intra</strong></span> <span class='ocrx_word' id='word_1_61' title='bbox 661 1383 820 1469; x_wconf 89' lang='lat' dir='ltr'><strong>praesidia</strong></span> <span class='ocrx_word' id='word_1_62' title='bbox 833 1384 918 1468; x_wconf 84' lang='lat' dir='ltr'><strong>regis</strong></span> <span class='ocrx_word' id='word_1_63' title='bbox 926 1383 1038 1448; x_wconf 91' lang='lat' dir='ltr'><strong>Persei</strong></span> <span class='ocrx_word' id='word_1_64' title='bbox 1056 1384 1219 1462; x_wconf 90' lang='lat' dir='ltr'><strong>haberent,</strong></span> <span class='ocrx_word' id='word_1_65' title='bbox 1237 1406 1292 1450; x_wconf 91' lang='lat' dir='ltr'><strong>eos</strong></span> 
     </span>
     <span class='ocr_line' id='line_1_10' title="bbox 285 1477 1039 1562; baseline 0.001 -21"><span class='ocrx_word' id='word_1_66' title='bbox 285 1478 367 1562; x_wconf 91' lang='lat' dir='ltr'><strong>primo</strong></span> <span class='ocrx_word' id='word_1_67' title='bbox 386 1499 516 1561; x_wconf 89' lang='lat' dir='ltr'><strong>quoque</strong></span> <span class='ocrx_word' id='word_1_68' title='bbox 534 1488 677 1562; x_wconf 89' lang='lat' dir='ltr'><strong>tempore</strong></span> <span class='ocrx_word' id='word_1_69' title='bbox 696 1477 827 1541; x_wconf 90' lang='lat' dir='ltr'><strong>domum</strong></span> <span class='ocrx_word' id='word_1_70' title='bbox 844 1490 1039 1542; x_wconf 76' lang='lat' dir='ltr'><strong>revocarent.</strong></span> 
     </span>
    </p>

    <p class='ocr_par' dir='ltr' id='par_1_4' title="bbox 285 1568 1349 4109">
     <span class='ocr_line' id='line_1_11' title="bbox 333 1568 1325 1657; baseline 0.005 -21"><span class='ocrx_word' id='word_1_71' title='bbox 333 1568 538 1637; x_wconf 84' lang='lat' dir='ltr'><strong>Cretensibus</strong></span> <span class='ocrx_word' id='word_1_72' title='bbox 557 1593 632 1636; x_wconf 91' lang='lat' dir='ltr'><strong>cum</strong></span> <span class='ocrx_word' id='word_1_73' title='bbox 654 1571 715 1637; x_wconf 90' lang='lat' dir='ltr'><strong>hoc</strong></span> <span class='ocrx_word' id='word_1_74' title='bbox 736 1593 889 1657; x_wconf 90' lang='lat' dir='ltr'><strong>responso</strong></span> <span class='ocrx_word' id='word_1_75' title='bbox 907 1571 1044 1636; x_wconf 86' lang='lat' dir='ltr'><strong>dimissis</strong></span> <span class='ocrx_word' id='word_1_76' title='bbox 1063 1570 1291 1638; x_wconf 71' lang='lat' dir='ltr'><strong>Chalcidenses</strong></span> <span class='ocrx_word' id='word_1_77' title='bbox 1310 1592 1325 1641; x_wconf 89' lang='lat'><strong>5</strong></span> 
     </span>
     <span class='ocr_line' id='line_1_12' title="bbox 285 1664 1291 1751; baseline 0.002 -23"><span class='ocrx_word' id='word_1_78' title='bbox 285 1665 379 1741; x_wconf 80' lang='lat' dir='ltr'><strong>uocati,</strong></span> <span class='ocrx_word' id='word_1_79' title='bbox 393 1687 530 1749; x_wconf 90' lang='lat' dir='ltr'><strong>quorum</strong></span> <span class='ocrx_word' id='word_1_80' title='bbox 543 1665 661 1751; x_wconf 84' lang='lat' dir='ltr'><strong>legatio</strong></span> <span class='ocrx_word' id='word_1_81' title='bbox 674 1666 746 1750; x_wconf 92' lang='lat' dir='ltr'><strong>ipso</strong></span> <span class='ocrx_word' id='word_1_82' title='bbox 758 1664 900 1740; x_wconf 86' lang='lat' dir='ltr'><strong>introitu,</strong></span> <span class='ocrx_word' id='word_1_83' title='bbox 914 1665 956 1729; x_wconf 99' lang='lat' dir='ltr'><strong>ob</strong></span> <span class='ocrx_word' id='word_1_84' title='bbox 969 1666 1002 1730; x_wconf 92' lang='lat' dir='ltr'><strong>id</strong></span> <span class='ocrx_word' id='word_1_85' title='bbox 1016 1667 1102 1749; x_wconf 92' lang='lat' dir='ltr'><strong>quod</strong></span> <span class='ocrx_word' id='word_1_86' title='bbox 1111 1666 1291 1751; x_wconf 86' lang='lat' dir='ltr'><strong>Micythion</strong></span> 
     </span>
     <span class='ocr_line' id='line_1_13' title="bbox 285 1758 1293 1846; baseline 0.001 -23"><span class='ocrx_word' id='word_1_87' title='bbox 285 1759 411 1845; x_wconf 86' lang='lat' dir='ltr'><strong>princeps</strong></span> <span class='ocrx_word' id='word_1_88' title='bbox 426 1780 536 1823; x_wconf 91' lang='lat' dir='ltr'><strong>eorum</strong></span> <span class='ocrx_word' id='word_1_89' title='bbox 550 1758 685 1845; x_wconf 92' lang='lat' dir='ltr'><strong>pedibus</strong></span> <span class='ocrx_word' id='word_1_90' title='bbox 700 1770 811 1843; x_wconf 90' lang='lat' dir='ltr'><strong>captus</strong></span> <span class='ocrx_word' id='word_1_91' title='bbox 826 1759 939 1823; x_wconf 83' lang='lat' dir='ltr'><strong>lectica</strong></span> <span class='ocrx_word' id='word_1_92' title='bbox 952 1771 1001 1825; x_wconf 90' lang='lat' dir='ltr'><strong>est</strong></span> <span class='ocrx_word' id='word_1_93' title='bbox 1014 1759 1190 1838; x_wconf 89' lang='lat' dir='ltr'><strong>introlatus,</strong></span> <span class='ocrx_word' id='word_1_94' title='bbox 1209 1759 1293 1846; x_wconf 91' lang='lat' dir='ltr'><strong>[om-</strong></span> 
     </span>
     <span class='ocr_line' id='line_1_14' title="bbox 285 1850 1326 1939; baseline 0.007 -24"><span class='ocrx_word' id='word_1_95' title='bbox 285 1875 325 1918; x_wconf 85' lang='lat' dir='ltr'><strong>ues</strong></span> <span class='ocrx_word' id='word_1_96' title='bbox 341 1850 522 1938; x_wconf 78' lang='lat' dir='ltr'><strong>convertit]</strong></span> <span class='ocrx_word' id='word_1_97' title='bbox 546 1853 676 1918; x_wconf 91' lang='lat' dir='ltr'><strong>ultimae</strong></span> <span class='ocrx_word' id='word_1_98' title='bbox 693 1853 890 1917; x_wconf 80' lang='lat' dir='ltr'><strong>necessitatis</strong></span> <span class='ocrx_word' id='word_1_99' title='bbox 907 1854 1067 1939; x_wconf 86' lang='lat' dir='ltr'><strong>extemplo</strong></span> <span class='ocrx_word' id='word_1_100' title='bbox 1085 1854 1155 1919; x_wconf 85' lang='lat' dir='ltr'><strong>visa</strong></span> <span class='ocrx_word' id='word_1_101' title='bbox 1171 1875 1236 1931; x_wconf 92' lang='lat' dir='ltr'><strong>res,</strong></span> <span class='ocrx_word' id='word_1_102' title='bbox 1258 1853 1293 1917; x_wconf 91' lang='lat' dir='ltr'><strong>in</strong></span> <span class='ocrx_word' id='word_1_103' title='bbox 1311 1875 1326 1922; x_wconf 81' lang='lat' dir='ltr'><strong>s</strong></span> 
     </span>
     <span class='ocr_line' id='line_1_15' title="bbox 285 1947 1292 2035; baseline 0.001 -24"><span class='ocrx_word' id='word_1_104' title='bbox 285 1968 333 2030; x_wconf 83' lang='lat' dir='ltr'><strong>qua</strong></span> <span class='ocrx_word' id='word_1_105' title='bbox 348 1949 393 2012; x_wconf 88' lang='lat' dir='ltr'><strong>ita</strong></span> <span class='ocrx_word' id='word_1_106' title='bbox 409 1948 536 2013; x_wconf 86' lang='lat' dir='ltr'><strong>adfecto</strong></span> <span class='ocrx_word' id='word_1_107' title='bbox 555 1948 718 2012; x_wconf 85' lang='lat' dir='ltr'><strong>excusatio</strong></span> <span class='ocrx_word' id='word_1_108' title='bbox 736 1947 926 2013; x_wconf 88' lang='lat' dir='ltr'><strong>valetudinis</strong></span> <span class='ocrx_word' id='word_1_109' title='bbox 945 1959 1000 2012; x_wconf 89' lang='lat' dir='ltr'><strong>aut</strong></span> <span class='ocrx_word' id='word_1_110' title='bbox 1021 1970 1061 2014; x_wconf 91' lang='lat' dir='ltr'><strong>ne</strong></span> <span class='ocrx_word' id='word_1_111' title='bbox 1084 1948 1145 2035; x_wconf 93' lang='lat' dir='ltr'><strong>ipsi</strong></span> <span class='ocrx_word' id='word_1_112' title='bbox 1162 1948 1292 2033; x_wconf 91' lang='lat' dir='ltr'><strong>quidem</strong></span> 
     </span>
     <span class='ocr_line' id='line_1_16' title="bbox 285 2041 1326 2127; baseline 0.002 -20"><span class='ocrx_word' id='word_1_113' title='bbox 285 2042 404 2126; x_wconf 86' lang='lat' dir='ltr'><strong>petenda</strong></span> <span class='ocrx_word' id='word_1_114' title='bbox 421 2043 491 2107; x_wconf 86' lang='lat' dir='ltr'><strong>visa</strong></span> <span class='ocrx_word' id='word_1_115' title='bbox 513 2041 596 2107; x_wconf 86' lang='lat' dir='ltr'><strong>foret</strong></span> <span class='ocrx_word' id='word_1_116' title='bbox 613 2053 670 2107; x_wconf 90' lang='lat' dir='ltr'><strong>aut</strong></span> <span class='ocrx_word' id='word_1_117' title='bbox 688 2042 763 2106; x_wconf 84' lang='lat' dir='ltr'><strong>data</strong></span> <span class='ocrx_word' id='word_1_118' title='bbox 780 2042 902 2127; x_wconf 90' lang='lat' dir='ltr'><strong>petenti</strong></span> <span class='ocrx_word' id='word_1_119' title='bbox 918 2063 984 2107; x_wconf 91' lang='lat' dir='ltr'><strong>non</strong></span> <span class='ocrx_word' id='word_1_120' title='bbox 1002 2054 1094 2109; x_wconf 76' lang='lat' dir='ltr'><strong>esset.</strong></span> <span class='ocrx_word' id='word_1_121' title='bbox 1140 2065 1213 2108; x_wconf 90' lang='lat' dir='ltr'><strong>eum</strong></span> <span class='ocrx_word' id='word_1_122' title='bbox 1231 2042 1293 2107; x_wconf 92' lang='lat' dir='ltr'><strong>sibi</strong></span> <span class='ocrx_word' id='word_1_123' title='bbox 1311 2064 1326 2109; x_wconf 79' lang='lat' dir='ltr'><strong>r</strong></span> 
     </span>
     <span class='ocr_line' id='line_1_17' title="bbox 285 2136 1292 2223; baseline 0.001 -23"><span class='ocrx_word' id='word_1_124' title='bbox 285 2136 345 2200; x_wconf 89' lang='lat' dir='ltr'><strong>rihil</strong></span> <span class='ocrx_word' id='word_1_125' title='bbox 367 2136 433 2200; x_wconf 82' lang='lat' dir='ltr'><strong>vivi</strong></span> <span class='ocrx_word' id='word_1_126' title='bbox 454 2137 587 2201; x_wconf 87' lang='lat' dir='ltr'><strong>relicum</strong></span> <span class='ocrx_word' id='word_1_127' title='bbox 609 2147 833 2222; x_wconf 84' lang='lat' dir='ltr'><strong>praeterquam</strong></span> <span class='ocrx_word' id='word_1_128' title='bbox 855 2137 1000 2222; x_wconf 83' lang='lat' dir='ltr'><strong>linguam</strong></span> <span class='ocrx_word' id='word_1_129' title='bbox 1017 2136 1059 2202; x_wconf 92' lang='lat' dir='ltr'><strong>ad</strong></span> <span class='ocrx_word' id='word_1_130' title='bbox 1081 2137 1292 2223; x_wconf 87' lang='lat' dir='ltr'><strong>deplorandas</strong></span> 
     </span>
     <span class='ocr_line' id='line_1_18' title="bbox 285 2230 1293 2316; baseline 0 -21"><span class='ocrx_word' id='word_1_131' title='bbox 285 2231 389 2314; x_wconf 80' lang='lat' dir='ltr'><strong>patriae</strong></span> <span class='ocrx_word' id='word_1_132' title='bbox 407 2252 483 2296; x_wconf 90' lang='lat' dir='ltr'><strong>suae</strong></span> <span class='ocrx_word' id='word_1_133' title='bbox 497 2231 692 2295; x_wconf 81' lang='lat' dir='ltr'><strong>calamitates</strong></span> <span class='ocrx_word' id='word_1_134' title='bbox 706 2230 869 2316; x_wconf 82' lang='lat' dir='ltr'><strong>praefatus</strong></span> <span class='ocrx_word' id='word_1_135' title='bbox 884 2241 977 2307; x_wconf 87' lang='lat' dir='ltr'><strong>esset,</strong></span> <span class='ocrx_word' id='word_1_136' title='bbox 996 2232 1142 2315; x_wconf 87' lang='lat' dir='ltr'><strong>exposuit</strong></span> <span class='ocrx_word' id='word_1_137' title='bbox 1157 2230 1293 2295; x_wconf 88' lang='lat' dir='ltr'><strong>civitatis</strong></span> 
     </span>
     <span class='ocr_line' id='line_1_19' title="bbox 285 2325 1293 2409; baseline 0.002 -21"><span class='ocrx_word' id='word_1_138' title='bbox 285 2325 404 2408; x_wconf 86' lang='lat' dir='ltr'><strong>puimum</strong></span> <span class='ocrx_word' id='word_1_139' title='bbox 423 2347 499 2389; x_wconf 90' lang='lat' dir='ltr'><strong>suae</strong></span> <span class='ocrx_word' id='word_1_140' title='bbox 518 2325 686 2390; x_wconf 87' lang='lat' dir='ltr'><strong>benefacta</strong></span> <span class='ocrx_word' id='word_1_141' title='bbox 703 2336 736 2389; x_wconf 90' lang='lat' dir='ltr'><strong>et</strong></span> <span class='ocrx_word' id='word_1_142' title='bbox 752 2336 861 2390; x_wconf 90' lang='lat' dir='ltr'><strong>vetera</strong></span> <span class='ocrx_word' id='word_1_143' title='bbox 879 2336 911 2389; x_wconf 89' lang='lat' dir='ltr'><strong>et</strong></span> <span class='ocrx_word' id='word_1_144' title='bbox 929 2348 967 2390; x_wconf 91' lang='lat' dir='ltr'><strong>ea</strong></span> <span class='ocrx_word' id='word_1_145' title='bbox 984 2346 1067 2409; x_wconf 89' lang='lat' dir='ltr'><strong>quae</strong></span> <span class='ocrx_word' id='word_1_146' title='bbox 1080 2325 1193 2390; x_wconf 91' lang='lat' dir='ltr'><strong>Persei</strong></span> <span class='ocrx_word' id='word_1_147' title='bbox 1209 2325 1293 2390; x_wconf 89' lang='lat' dir='ltr'><strong>bello</strong></span> 
     </span>
     <span class='ocr_line' id='line_1_20' title="bbox 285 2418 1328 2503; baseline 0.003 -20"><span class='ocrx_word' id='word_1_148' title='bbox 285 2419 497 2502; x_wconf 85' lang='lat' dir='ltr'><strong>praestitissent</strong></span> <span class='ocrx_word' id='word_1_149' title='bbox 518 2419 653 2484; x_wconf 89' lang='lat' dir='ltr'><strong>ducibus</strong></span> <span class='ocrx_word' id='word_1_150' title='bbox 668 2419 924 2503; x_wconf 85' lang='lat' dir='ltr'><strong>exercitibusque</strong></span> <span class='ocrx_word' id='word_1_151' title='bbox 938 2418 1093 2484; x_wconf 84' lang='lat' dir='ltr'><strong>Romanis</strong></span> <span class='ocrx_word' id='word_1_152' title='bbox 1098 2443 1107 2496; x_wconf 91' lang='lat'>;</span> <span class='ocrx_word' id='word_1_153' title='bbox 1124 2431 1194 2483; x_wconf 93' lang='lat' dir='ltr'><strong>tum</strong></span> <span class='ocrx_word' id='word_1_154' title='bbox 1210 2440 1293 2502; x_wconf 89' lang='lat' dir='ltr'><strong>quae</strong></span> <span class='ocrx_word' id='word_1_155' title='bbox 1311 2439 1328 2487; x_wconf 81' lang='lat' dir='ltr'><strong>s</strong></span> 
     </span>
     <span class='ocr_line' id='line_1_21' title="bbox 285 2511 1293 2599; baseline 0 -22"><span class='ocrx_word' id='word_1_156' title='bbox 285 2513 369 2596; x_wconf 88' lang='lat' dir='ltr'><strong>primo</strong></span> <span class='ocrx_word' id='word_1_157' title='bbox 387 2511 427 2579; x_wconf 86' lang='lat' dir='ltr'><strong>C.</strong></span> <span class='ocrx_word' id='word_1_158' title='bbox 446 2514 617 2579; x_wconf 84' lang='lat' dir='ltr'><strong>Lucretius</strong></span> <span class='ocrx_word' id='word_1_159' title='bbox 638 2514 673 2579; x_wconf 90' lang='lat' dir='ltr'><strong>in</strong></span> <span class='ocrx_word' id='word_1_160' title='bbox 695 2515 866 2599; x_wconf 84' lang='lat' dir='ltr'><strong>populares</strong></span> <span class='ocrx_word' id='word_1_161' title='bbox 885 2536 959 2578; x_wconf 91' lang='lat' dir='ltr'><strong>suos</strong></span> <span class='ocrx_word' id='word_1_162' title='bbox 983 2525 1111 2599; x_wconf 81' lang='lat' dir='ltr'><strong>praetor</strong></span> <span class='ocrx_word' id='word_1_163' title='bbox 1128 2513 1293 2579; x_wconf 88' lang='lat' dir='ltr'><strong>Romanus</strong></span> 
     </span>
     <span class='ocr_line' id='line_1_22' title="bbox 285 2607 1295 2692; baseline 0.002 -22"><span class='ocrx_word' id='word_1_164' title='bbox 285 2609 404 2692; x_wconf 83' lang='lat' dir='ltr'><strong>superbe</strong></span> <span class='ocrx_word' id='word_1_165' title='bbox 423 2631 519 2673; x_wconf 89' lang='lat' dir='ltr'><strong>avare</strong></span> <span class='ocrx_word' id='word_1_166' title='bbox 541 2608 710 2673; x_wconf 90' lang='lat' dir='ltr'><strong>crudeliter</strong></span> <span class='ocrx_word' id='word_1_167' title='bbox 731 2608 875 2685; x_wconf 82' lang='lat' dir='ltr'><strong>fecisset,</strong></span> <span class='ocrx_word' id='word_1_168' title='bbox 899 2607 1013 2673; x_wconf 92' lang='lat' dir='ltr'><strong>deinde</strong></span> <span class='ocrx_word' id='word_1_169' title='bbox 1031 2630 1114 2692; x_wconf 88' lang='lat' dir='ltr'><strong>quae</strong></span> <span class='ocrx_word' id='word_1_170' title='bbox 1131 2620 1204 2673; x_wconf 90' lang='lat' dir='ltr'><strong>tum</strong></span> <span class='ocrx_word' id='word_1_171' title='bbox 1222 2629 1295 2673; x_wconf 91' lang='lat' dir='ltr'><strong>cum</strong></span> 
     </span>
     <span class='ocr_line' id='line_1_23' title="bbox 285 2701 1328 2786; baseline 0.001 -19"><span class='ocrx_word' id='word_1_172' title='bbox 285 2702 404 2768; x_wconf 83' lang='lat' dir='ltr'><strong>maxime</strong></span> <span class='ocrx_word' id='word_1_173' title='bbox 411 2702 456 2766; x_wconf 86' lang='lat' dir='ltr'><strong>L.</strong></span> <span class='ocrx_word' id='word_1_174' title='bbox 465 2704 657 2768; x_wconf 91' lang='lat' dir='ltr'><strong>Hortensius</strong></span> <span class='ocrx_word' id='word_1_175' title='bbox 666 2702 907 2786; x_wconf 76' lang='lat' dir='ltr'><strong>facerettquem</strong></span> <span class='ocrx_word' id='word_1_176' title='bbox 917 2703 958 2767; x_wconf 89' lang='lat' dir='ltr'><strong>ad</strong></span> <span class='ocrx_word' id='word_1_177' title='bbox 967 2703 1098 2767; x_wconf 92' lang='lat' dir='ltr'><strong>modum</strong></span> <span class='ocrx_word' id='word_1_178' title='bbox 1108 2703 1215 2767; x_wconf 90' lang='lat' dir='ltr'><strong>omnia</strong></span> <span class='ocrx_word' id='word_1_179' title='bbox 1223 2701 1294 2778; x_wconf 93' lang='lat' dir='ltr'><strong>sibi,</strong></span> <span class='ocrx_word' id='word_1_180' title='bbox 1313 2720 1328 2768; x_wconf 79' lang='grc'>9</span> 
     </span>
     <span class='ocr_line' id='line_1_24' title="bbox 285 2793 1296 2883; baseline -0.001 -23"><span class='ocrx_word' id='word_1_181' title='bbox 285 2795 414 2861; x_wconf 81' lang='lat' dir='ltr'><strong>stiamls</strong></span> <span class='ocrx_word' id='word_1_182' title='bbox 441 2818 524 2880; x_wconf 90' lang='lat' dir='ltr'><strong>quae</strong></span> <span class='ocrx_word' id='word_1_183' title='bbox 548 2796 711 2882; x_wconf 89' lang='lat' dir='ltr'><strong>patiantur</strong></span> <span class='ocrx_word' id='word_1_184' title='bbox 733 2797 886 2874; x_wconf 88' lang='lat' dir='ltr'><strong>tristiora,</strong></span> <span class='ocrx_word' id='word_1_185' title='bbox 913 2796 1065 2883; x_wconf 90' lang='lat' dir='ltr'><strong>patienda</strong></span> <span class='ocrx_word' id='word_1_186' title='bbox 1087 2819 1155 2862; x_wconf 90' lang='lat' dir='ltr'><strong>esse</strong></span> <span class='ocrx_word' id='word_1_187' title='bbox 1178 2793 1296 2860; x_wconf 90' lang='lat' dir='ltr'><strong>ducant</strong></span> 
     </span>
     <span class='ocr_line' id='line_1_25' title="bbox 285 2891 1297 2976; baseline -0.002 -21"><span class='ocrx_word' id='word_1_188' title='bbox 285 2892 376 2974; x_wconf 89' lang='lat' dir='ltr'><strong>potius</strong></span> <span class='ocrx_word' id='word_1_189' title='bbox 394 2914 492 2976; x_wconf 84' lang='lat' dir='ltr'><strong>quam</strong></span> <span class='ocrx_word' id='word_1_190' title='bbox 508 2892 572 2957; x_wconf 89' lang='lat' dir='ltr'><strong>fide</strong></span> <span class='ocrx_word' id='word_1_191' title='bbox 591 2892 757 2968; x_wconf 88' lang='lat' dir='ltr'><strong>decedant,</strong></span> <span class='ocrx_word' id='word_1_192' title='bbox 776 2892 821 2956; x_wconf 90' lang='lat' dir='ltr'><strong>sic</strong></span> <span class='ocrx_word' id='word_1_193' title='bbox 839 2891 926 2975; x_wconf 94' lang='lat' dir='ltr'><strong>quod</strong></span> <span class='ocrx_word' id='word_1_194' title='bbox 944 2891 986 2956; x_wconf 91' lang='lat' dir='ltr'><strong>ad</strong></span> <span class='ocrx_word' id='word_1_195' title='bbox 1003 2891 1193 2956; x_wconf 87' lang='lat' dir='ltr'><strong>Lucretium</strong></span> <span class='ocrx_word' id='word_1_196' title='bbox 1209 2891 1297 2954; x_wconf 72' lang='lat' dir='ltr'><strong>Hor</strong></span> 
     </span>
     <span class='ocr_line' id='line_1_26' title="bbox 285 2986 1296 3069; baseline 0 -21"><span class='ocrx_word' id='word_1_197' title='bbox 285 2987 470 3069; x_wconf 89' lang='lat' dir='ltr'><strong>tensiumque</strong></span> <span class='ocrx_word' id='word_1_198' title='bbox 497 2987 645 3051; x_wconf 88' lang='lat' dir='ltr'><strong>attineret</strong></span> <span class='ocrx_word' id='word_1_199' title='bbox 671 2987 751 3050; x_wconf 91' lang='lat' dir='ltr'><strong>scire</strong></span> <span class='ocrx_word' id='word_1_200' title='bbox 773 2986 873 3051; x_wconf 90' lang='lat' dir='ltr'><strong>tutius</strong></span> <span class='ocrx_word' id='word_1_201' title='bbox 898 2986 997 3052; x_wconf 81' lang='lat' dir='ltr'><strong>fuisse</strong></span> <span class='ocrx_word' id='word_1_202' title='bbox 1019 2986 1167 3051; x_wconf 86' lang='lat' dir='ltr'><strong>claudere</strong></span> <span class='ocrx_word' id='word_1_203' title='bbox 1189 2994 1296 3069; x_wconf 84' lang='lat' dir='ltr'><strong>portas</strong></span> 
     </span>
     <span class='ocr_line' id='line_1_27' title="bbox 285 3080 1347 3166; baseline 0.001 -22"><span class='ocrx_word' id='word_1_204' title='bbox 285 3099 367 3162; x_wconf 82' lang='lat' dir='ltr'><strong>quam</strong></span> <span class='ocrx_word' id='word_1_205' title='bbox 392 3081 427 3145; x_wconf 93' lang='lat' dir='ltr'><strong>in</strong></span> <span class='ocrx_word' id='word_1_206' title='bbox 452 3080 565 3146; x_wconf 93' lang='lat' dir='ltr'><strong>urbem</strong></span> <span class='ocrx_word' id='word_1_207' title='bbox 592 3103 646 3145; x_wconf 90' lang='lat' dir='ltr'><strong>eos</strong></span> <span class='ocrx_word' id='word_1_208' title='bbox 669 3080 822 3166; x_wconf 90' lang='lat' dir='ltr'><strong>accipere.</strong></span> <span class='ocrx_word' id='word_1_209' title='bbox 868 3081 924 3164; x_wconf 94' lang='lat' dir='ltr'><strong>qui</strong></span> <span class='ocrx_word' id='word_1_210' title='bbox 947 3080 1155 3146; x_wconf 84' lang='lat' dir='ltr'><strong>exclusissent</strong></span> <span class='ocrx_word' id='word_1_211' title='bbox 1181 3100 1236 3143; x_wconf 93' lang='lat' dir='ltr'><strong>eos</strong></span> <span class='ocrx_word' id='word_1_212' title='bbox 1252 3113 1297 3124; x_wconf 89' lang='lat'>—</span> <span class='ocrx_word' id='word_1_213' title='bbox 1315 3098 1347 3145; x_wconf 86' lang='lat'><strong>10</strong></span> 
     </span>
     <span class='ocr_line' id='line_1_28' title="bbox 285 3171 1297 3262; baseline -0.004 -24"><span class='ocrx_word' id='word_1_214' title='bbox 285 3171 464 3251; x_wconf 75' lang='lat' dir='ltr'><strong>Emathiam,</strong></span> <span class='ocrx_word' id='word_1_215' title='bbox 477 3175 709 3262; x_wconf 90' lang='lat' dir='ltr'><strong>Amphipolim,</strong></span> <span class='ocrx_word' id='word_1_216' title='bbox 723 3175 924 3259; x_wconf 81' lang='lat' dir='ltr'><strong>Maroneam,</strong></span> <span class='ocrx_word' id='word_1_217' title='bbox 933 3176 1064 3240; x_wconf 92' lang='lat' dir='ltr'><strong>Aenum</strong></span> <span class='ocrx_word' id='word_1_218' title='bbox 1072 3171 1297 3237; x_wconf 86' lang='lat' dir='ltr'><strong>—incolumes</strong></span> 
     </span>
     <span class='ocr_line' id='line_1_29' title="bbox 285 3268 1297 3356; baseline -0.005 -20"><span class='ocrx_word' id='word_1_219' title='bbox 285 3291 354 3336; x_wconf 80' lang='lat' dir='ltr'><strong>esse:</strong></span> <span class='ocrx_word' id='word_1_220' title='bbox 377 3282 456 3356; x_wconf 92' lang='lat' dir='ltr'><strong>aput</strong></span> <span class='ocrx_word' id='word_1_221' title='bbox 473 3293 507 3336; x_wconf 94' lang='lat' dir='ltr'><strong>se</strong></span> <span class='ocrx_word' id='word_1_222' title='bbox 529 3271 650 3356; x_wconf 89' lang='lat' dir='ltr'><strong>templa</strong></span> <span class='ocrx_word' id='word_1_223' title='bbox 667 3271 813 3335; x_wconf 90' lang='lat' dir='ltr'><strong>omnibus</strong></span> <span class='ocrx_word' id='word_1_224' title='bbox 832 3270 1024 3335; x_wconf 89' lang='lat' dir='ltr'><strong>ornamentis</strong></span> <span class='ocrx_word' id='word_1_225' title='bbox 1043 3268 1202 3353; x_wconf 88' lang='lat' dir='ltr'><strong>conpilata</strong></span> <span class='ocrx_word' id='word_1_226' title='bbox 1224 3288 1297 3354; x_wconf 91' lang='lat' dir='ltr'><strong>spo-</strong></span> 
     </span>
     <span class='ocr_line' id='line_1_30' title="bbox 285 3361 1297 3451; baseline -0.003 -23"><span class='ocrx_word' id='word_1_227' title='bbox 285 3363 425 3449; x_wconf 83' lang='lat' dir='ltr'><strong>liataque;</strong></span> <span class='ocrx_word' id='word_1_228' title='bbox 453 3362 586 3451; x_wconf 85' lang='lat' dir='ltr'><strong>[spolia]</strong></span> <span class='ocrx_word' id='word_1_229' title='bbox 613 3365 758 3451; x_wconf 86' lang='lat' dir='ltr'><strong>sacrilegi</strong></span> <span class='ocrx_word' id='word_1_230' title='bbox 789 3366 858 3430; x_wconf 90' lang='lat' dir='ltr'><strong>eius</strong></span> <span class='ocrx_word' id='word_1_231' title='bbox 886 3361 926 3429; x_wconf 89' lang='lat' dir='ltr'><strong>C.</strong></span> <span class='ocrx_word' id='word_1_232' title='bbox 948 3362 1136 3428; x_wconf 88' lang='lat' dir='ltr'><strong>Lucretium</strong></span> <span class='ocrx_word' id='word_1_233' title='bbox 1161 3361 1297 3426; x_wconf 77' lang='lat' dir='ltr'><strong>natibus</strong></span> 
     </span>
     <span class='ocr_line' id='line_1_31' title="bbox 285 3456 1296 3545; baseline -0.004 -21"><span class='ocrx_word' id='word_1_234' title='bbox 285 3457 408 3524; x_wconf 82' lang='lat' dir='ltr'><strong>Antium</strong></span> <span class='ocrx_word' id='word_1_235' title='bbox 425 3458 608 3536; x_wconf 88' lang='lat' dir='ltr'><strong>devexisse,</strong></span> <span class='ocrx_word' id='word_1_236' title='bbox 630 3460 731 3524; x_wconf 91' lang='lat' dir='ltr'><strong>libera</strong></span> <span class='ocrx_word' id='word_1_237' title='bbox 748 3481 882 3545; x_wconf 89' lang='lat' dir='ltr'><strong>corpora</strong></span> <span class='ocrx_word' id='word_1_238' title='bbox 899 3458 933 3521; x_wconf 91' lang='lat' dir='ltr'><strong>in</strong></span> <span class='ocrx_word' id='word_1_239' title='bbox 950 3457 1135 3522; x_wconf 87' lang='lat' dir='ltr'><strong>servitutem</strong></span> <span class='ocrx_word' id='word_1_240' title='bbox 1153 3456 1296 3543; x_wconf 87' lang='lat' dir='ltr'><strong>abrepta,</strong></span> 
     </span>
     <span class='ocr_line' id='line_1_32' title="bbox 285 3551 1298 3639; baseline 0 -24"><span class='ocrx_word' id='word_1_241' title='bbox 285 3551 416 3618; x_wconf 80' lang='lat' dir='ltr'><strong>fortunas</strong></span> <span class='ocrx_word' id='word_1_242' title='bbox 434 3554 592 3618; x_wconf 88' lang='lat' dir='ltr'><strong>sociorum</strong></span> <span class='ocrx_word' id='word_1_243' title='bbox 610 3554 720 3639; x_wconf 89' lang='lat' dir='ltr'><strong>populi</strong></span> <span class='ocrx_word' id='word_1_244' title='bbox 732 3552 870 3619; x_wconf 87' lang='lat' dir='ltr'><strong>Romani</strong></span> <span class='ocrx_word' id='word_1_245' title='bbox 889 3552 1028 3637; x_wconf 89' lang='lat' dir='ltr'><strong>direptas</strong></span> <span class='ocrx_word' id='word_1_246' title='bbox 1046 3573 1116 3617; x_wconf 89' lang='lat' dir='ltr'><strong>esse</strong></span> <span class='ocrx_word' id='word_1_247' title='bbox 1135 3561 1166 3617; x_wconf 91' lang='lat' dir='ltr'><strong>et</strong></span> <span class='ocrx_word' id='word_1_248' title='bbox 1183 3551 1298 3616; x_wconf 90' lang='lat' dir='ltr'><strong>cotidie</strong></span> 
     </span>
     <span class='ocr_line' id='line_1_33' title="bbox 285 3643 1349 3734; baseline -0.003 -22"><span class='ocrx_word' id='word_1_249' title='bbox 285 3645 375 3734; x_wconf 87' lang='lat' dir='ltr'><strong>diripi.</strong></span> <span class='ocrx_word' id='word_1_250' title='bbox 420 3670 497 3711; x_wconf 89' lang='lat' dir='ltr'><strong>nam</strong></span> <span class='ocrx_word' id='word_1_251' title='bbox 515 3669 556 3711; x_wconf 84' lang='lat' dir='ltr'><strong>ex</strong></span> <span class='ocrx_word' id='word_1_252' title='bbox 572 3647 716 3712; x_wconf 88' lang='lat' dir='ltr'><strong>instituto</strong></span> <span class='ocrx_word' id='word_1_253' title='bbox 736 3643 775 3711; x_wconf 91' lang='lat' dir='ltr'><strong>C.</strong></span> <span class='ocrx_word' id='word_1_254' title='bbox 793 3645 927 3711; x_wconf 90' lang='lat' dir='ltr'><strong>Lucreti</strong></span> <span class='ocrx_word' id='word_1_255' title='bbox 943 3646 1154 3710; x_wconf 90' lang='lat' dir='ltr'><strong>Hortensium</strong></span> <span class='ocrx_word' id='word_1_256' title='bbox 1171 3666 1298 3729; x_wconf 92' lang='lat' dir='ltr'><strong>quoque</strong></span> <span class='ocrx_word' id='word_1_257' title='bbox 1318 3662 1349 3710; x_wconf 86' lang='lat'><strong>11</strong></span> 
     </span>
     <span class='ocr_line' id='line_1_34' title="bbox 285 3738 1321 3826; baseline 0.001 -22"><span class='ocrx_word' id='word_1_258' title='bbox 285 3738 413 3807; x_wconf 89' lang='lat' dir='ltr'><strong>intectis</strong></span> <span class='ocrx_word' id='word_1_259' title='bbox 431 3741 537 3805; x_wconf 93' lang='lat' dir='ltr'><strong>hieme</strong></span> <span class='ocrx_word' id='word_1_260' title='bbox 554 3742 673 3826; x_wconf 88' lang='lat' dir='ltr'><strong>pariter</strong></span> <span class='ocrx_word' id='word_1_261' title='bbox 686 3750 783 3824; x_wconf 89' lang='lat' dir='ltr'><strong>atque</strong></span> <span class='ocrx_word' id='word_1_262' title='bbox 796 3751 916 3805; x_wconf 89' lang='lat' dir='ltr'><strong>aestate</strong></span> <span class='ocrx_word' id='word_1_263' title='bbox 930 3739 1052 3804; x_wconf 84' lang='lat' dir='ltr'><strong>navalis</strong></span> <span class='ocrx_word' id='word_1_264' title='bbox 1067 3739 1168 3804; x_wconf 88' lang='lat' dir='ltr'><strong>socios</strong></span> <span class='ocrx_word' id='word_1_265' title='bbox 1182 3738 1299 3805; x_wconf 88' lang='lat' dir='ltr'><strong>habere</strong></span> <span class='ocrx_word' id='word_1_266' title='bbox 1319 3751 1321 3756; x_wconf 83' lang='grc'>’</span> 
     </span>
     <span class='ocr_line' id='line_1_35' title="bbox 285 3833 1300 3920; baseline -0.001 -21"><span class='ocrx_word' id='word_1_267' title='bbox 285 3847 309 3899; x_wconf 87' lang='lat' dir='ltr'><strong>et</strong></span> <span class='ocrx_word' id='word_1_268' title='bbox 324 3837 434 3902; x_wconf 92' lang='lat' dir='ltr'><strong>domos</strong></span> <span class='ocrx_word' id='word_1_269' title='bbox 453 3858 526 3900; x_wconf 86' lang='lat' dir='ltr'><strong>suas</strong></span> <span class='ocrx_word' id='word_1_270' title='bbox 545 3836 655 3920; x_wconf 88' lang='lat' dir='ltr'><strong>plenas</strong></span> <span class='ocrx_word' id='word_1_271' title='bbox 668 3836 763 3899; x_wconf 90' lang='lat' dir='ltr'><strong>turba</strong></span> <span class='ocrx_word' id='word_1_272' title='bbox 776 3834 905 3899; x_wconf 89' lang='lat' dir='ltr'><strong>nautica</strong></span> <span class='ocrx_word' id='word_1_273' title='bbox 918 3856 1001 3900; x_wconf 89' lang='lat' dir='ltr'><strong>esse:</strong></span> <span class='ocrx_word' id='word_1_274' title='bbox 1020 3833 1140 3898; x_wconf 89' lang='lat' dir='ltr'><strong>versari</strong></span> <span class='ocrx_word' id='word_1_275' title='bbox 1156 3833 1238 3898; x_wconf 88' lang='lat' dir='ltr'><strong>inter</strong></span> <span class='ocrx_word' id='word_1_276' title='bbox 1255 3855 1300 3910; x_wconf 90' lang='lat' dir='ltr'><strong>se,</strong></span> 
     </span>
     <span class='ocr_line' id='line_1_36' title="bbox 285 3927 1302 4017; baseline -0.002 -24"><span class='ocrx_word' id='word_1_277' title='bbox 285 3932 426 4017; x_wconf 85' lang='lat' dir='ltr'><strong>coniuges</strong></span> <span class='ocrx_word' id='word_1_278' title='bbox 444 3930 625 4013; x_wconf 92' lang='lat' dir='ltr'><strong>liberosque</strong></span> <span class='ocrx_word' id='word_1_279' title='bbox 643 3951 728 4007; x_wconf 90' lang='lat' dir='ltr'><strong>suos,</strong></span> <span class='ocrx_word' id='word_1_280' title='bbox 747 3927 864 4013; x_wconf 92' lang='lat' dir='ltr'><strong>quibus</strong></span> <span class='ocrx_word' id='word_1_281' title='bbox 877 3928 955 3992; x_wconf 92' lang='lat' dir='ltr'><strong>nihil</strong></span> <span class='ocrx_word' id='word_1_282' title='bbox 969 3949 1074 4013; x_wconf 90' lang='lat' dir='ltr'><strong>neque</strong></span> <span class='ocrx_word' id='word_1_283' title='bbox 1088 3927 1193 3994; x_wconf 88' lang='lat' dir='ltr'><strong>dicere</strong></span> <span class='ocrx_word' id='word_1_284' title='bbox 1209 3927 1302 4014; x_wconf 91' lang='lat' dir='ltr'><strong>pensi</strong></span> 
     </span>
     <span class='ocr_line' id='line_1_37' title="bbox 285 4025 569 4109; baseline 0 -21"><span class='ocrx_word' id='word_1_285' title='bbox 285 4025 435 4109; x_wconf 89' lang='lat' dir='ltr'><strong>sitneque</strong></span> <span class='ocrx_word' id='word_1_286' title='bbox 453 4025 569 4090; x_wconf 82' lang='lat' dir='ltr'><strong>facere.</strong></span> 
     </span>
    </p>

    <p class='ocr_par' dir='ltr' id='par_1_5' title="bbox 285 4114 1336 4393">
     <span class='ocr_line' id='line_1_38' title="bbox 337 4114 1336 4201; baseline -0.008 -14"><span class='ocrx_word' id='word_1_287' title='bbox 337 4120 435 4187; x_wconf 88' lang='lat' dir='ltr'><strong>VIII.</strong></span> <span class='ocrx_word' id='word_1_288' title='bbox 461 4120 639 4184; x_wconf 76' lang='lat' dir='ltr'><strong>Accessere</strong></span> <span class='ocrx_word' id='word_1_289' title='bbox 665 4119 699 4183; x_wconf 92' lang='lat' dir='ltr'><strong>in</strong></span> <span class='ocrx_word' id='word_1_290' title='bbox 723 4129 872 4184; x_wconf 90' lang='lat' dir='ltr'><strong>senatum</strong></span> <span class='ocrx_word' id='word_1_291' title='bbox 894 4117 1082 4184; x_wconf 89' lang='lat' dir='ltr'><strong>Lucretium</strong></span> <span class='ocrx_word' id='word_1_292' title='bbox 1104 4114 1240 4201; x_wconf 90' lang='lat' dir='ltr'><strong>placuit,</strong></span> <span class='ocrx_word' id='word_1_293' title='bbox 1266 4125 1303 4180; x_wconf 92' lang='lat' dir='ltr'><strong>ut</strong></span> <span class='ocrx_word' id='word_1_294' title='bbox 1322 4140 1336 4187; x_wconf 91' lang='lat'>1</span> 
     </span>
     <span class='ocr_line' id='line_1_39' title="bbox 285 4209 1335 4305; baseline 0 -26"><span class='ocrx_word' id='word_1_295' title='bbox 285 4212 468 4305; x_wconf 82' lang='lat' dir='ltr'><strong>disceptaret</strong></span> <span class='ocrx_word' id='word_1_296' title='bbox 479 4235 588 4278; x_wconf 89' lang='lat' dir='ltr'><strong>coram</strong></span> <span class='ocrx_word' id='word_1_297' title='bbox 605 4224 820 4300; x_wconf 80' lang='lat' dir='ltr'><strong>purgaretque</strong></span> <span class='ocrx_word' id='word_1_298' title='bbox 836 4235 916 4278; x_wconf 90' lang='lat' dir='ltr'><strong>sese.</strong></span> <span class='ocrx_word' id='word_1_299' title='bbox 939 4223 1081 4278; x_wconf 89' lang='lat' dir='ltr'><strong>ceterum</strong></span> <span class='ocrx_word' id='word_1_300' title='bbox 1094 4210 1195 4275; x_wconf 91' lang='lat' dir='ltr'><strong>multo</strong></span> <span class='ocrx_word' id='word_1_301' title='bbox 1208 4209 1304 4297; x_wconf 90' lang='lat' dir='ltr'><strong>plura</strong></span> <span class='ocrx_word' id='word_1_302' title='bbox 1320 4232 1335 4279; x_wconf 81' lang='lat' dir='ltr'><strong>a</strong></span> 
     </span>
     <span class='ocr_line' id='line_1_40' title="bbox 285 4308 1303 4393; baseline -0.012 -12"><span class='ocrx_word' id='word_1_303' title='bbox 285 4329 426 4393; x_wconf 63' lang='lat' dir='ltr'><strong>mens</strong></span> <span class='ocrx_word' id='word_1_304' title='bbox 448 4308 573 4375; x_wconf 88' lang='lat' dir='ltr'><strong>audivit</strong></span> <span class='ocrx_word' id='word_1_305' title='bbox 594 4331 691 4393; x_wconf 89' lang='lat' dir='ltr'><strong>quam</strong></span> <span class='ocrx_word' id='word_1_306' title='bbox 713 4308 747 4373; x_wconf 90' lang='lat' dir='ltr'><strong>in</strong></span> <span class='ocrx_word' id='word_1_307' title='bbox 764 4308 929 4374; x_wconf 84' lang='lat' dir='ltr'><strong>absentem</strong></span> <span class='ocrx_word' id='word_1_308' title='bbox 951 4308 1035 4373; x_wconf 85' lang='lat' dir='ltr'><strong>iacta</strong></span> <span class='ocrx_word' id='word_1_309' title='bbox 1051 4317 1157 4383; x_wconf 91' lang='lat' dir='ltr'><strong>erant,</strong></span> <span class='ocrx_word' id='word_1_310' title='bbox 1180 4316 1211 4371; x_wconf 92' lang='lat' dir='ltr'><strong>et</strong></span> <span class='ocrx_word' id='word_1_311' title='bbox 1229 4329 1303 4393; x_wconf 83' lang='lat' dir='ltr'><strong>gra-</strong></span> 
     </span>
    </p>
   </div>
   <div class='ocr_carea' id='block_1_3' title="bbox 0 0 1686 5092">
    <p class='ocr_par' dir='ltr' id='par_1_6' title="bbox 0 0 1686 5092">
     <span class='ocr_line' id='line_1_41' title="bbox 0 0 1686 5092; baseline 0 0"><span class='ocrx_word' id='word_1_312' title='bbox 0 0 1686 5092; x_wconf 95' lang='lat' dir='ltr'><strong> </strong></span> 
     </span>
    </p>
   </div>
  </div>
 </body>
</html>
