3359 5092
486 546 1065 619 nmnuxxxxv,1o.m[a.o.1os]
1227 533 1289 602 159

285 708 372 774 weiss
388 707 477 771 urbis
499 717 692 792 paterentur.
726 715 896 790 postquam
912 704 1065 771 Rhodum
1082 716 1213 771 ventum
1231 718 1288 783 est,

285 804 307 867 in
329 801 507 867 contionem
532 821 661 884 quoque
687 820 741 863 eos
767 799 854 863 idem
884 800 1033 884 precibus
1057 812 1289 886 pertraxenmt.

285 896 424 960 idrentus
445 894 623 979 legatorum
644 893 734 958 auxit
755 893 861 978 potius
884 893 1030 959 timorem
1052 894 1172 959 civitati
1192 916 1322 979 quamr

285 989 397 1066 ninuit;
424 988 531 1053 omnia
552 987 637 1052 enim
657 987 815 1073 Popillius
838 1008 922 1072 quae
944 988 1062 1075 singuli
1087 989 1290 1073 universique

285 1104 308 1148 to
332 1082 416 1147 bello
442 1081 596 1146 hostiliter
621 1081 767 1146 dixerant
791 1080 996 1165 fecerantque
1021 1082 1156 1159 rettulit,
1184 1093 1217 1147 et
1242 1082 1323 1152 virs

285 1198 361 1262 sper
377 1176 506 1261 ingenio
524 1175 665 1261 augebat
687 1175 884 1240 atrocitatem
902 1197 1026 1253 eorum,
1048 1198 1131 1260 quae
1148 1176 1290 1242 diceren-

285 1292 333 1347 ur,
350 1269 440 1335 voltu
457 1269 539 1333 truci
556 1280 589 1334 et
602 1268 802 1334 wcusatoria
819 1291 914 1347 voce,
932 1280 977 1348 ut,
995 1291 1069 1335 cum
1085 1269 1231 1356 propriae
1249 1269 1291 1333 si·
1309 1290 1323 1337 a

285 1363 409 1428 utdtatis
422 1363 510 1428 nulla
523 1385 620 1427 causa
633 1385 708 1427 cum
722 1363 849 1429 civitate
864 1375 957 1441 esset,
975 1388 1015 1429 ex
1028 1364 1123 1429 unius
1137 1362 1290 1429 senatoris

285 1456 404 1521 tomani
423 1455 610 1534 acerbitate,
632 1456 736 1539 qualis
757 1457 792 1521 in
809 1480 844 1522 se
861 1457 1004 1522 universi
1019 1471 1147 1523 senatus
1166 1458 1290 1523 animus

285 1562 366 1627 sset,
392 1549 614 1614 coniectarent.
659 1547 698 1615 C.
716 1548 845 1615 Decimi
862 1544 1069 1633 mode[ruticr
1086 1549 1202 1637 0]ratio
1219 1550 1290 1627 fuit,
1311 1573 1342 1619 10

285 1644 325 1728 [ui
348 1644 384 1707 in
408 1644 568 1729 plerisque
591 1664 717 1721 eorum,
743 1665 825 1728 quae
849 1657 1095 1711 commemorata
1116 1669 1136 1710 a
1152 1643 1291 1731 Popillio

285 1749 384 1814 ssent,
403 1739 529 1823 culpam
542 1759 607 1801 non
621 1759 719 1823 penes
734 1738 898 1824 populum,
909 1743 964 1808 sed
971 1762 1070 1825 penes
1083 1760 1202 1825 paucos
1216 1759 1292 1803 con·

285 1833 384 1898 iteres
401 1833 489 1919 volgi
510 1854 580 1897 esse
598 1832 692 1897 dixit:
720 1855 790 1910 eos,
813 1834 958 1899 venalem
974 1835 1118 1921 linguam
1134 1833 1289 1910 habentis,
1311 1856 1340 1901 11

285 1925 397 1992 leereta
412 1926 508 2012 plena
524 1926 632 2011 regiae
650 1926 878 1992 adsentationis
896 1928 1021 2006 fecisse,
1038 1939 1071 1994 et
1087 1951 1142 1993 eas
1158 1927 1291 2014 legatio-

285 2043 326 2087 tes
341 2021 477 2098 misisse,
495 2042 634 2104 quarum
649 2020 793 2086 Rhodios
811 2044 937 2108 semper
953 2045 1019 2088 non
1035 2022 1140 2088 minus
1156 2022 1291 2109 puderet

285 2137 365 2200 ruam
383 2114 568 2200 paeniteret
610 2135 694 2199 quae
710 2116 831 2191 omnia,
855 2117 882 2181 si
904 2139 943 2182 es
958 2139 1048 2183 mens
1065 2116 1183 2201 populo
1201 2116 1291 2193 foret,

285 2234 307 2276 n
318 2210 422 2294 capita
439 2208 607 2273 noxiorum
621 2231 761 2274 versrua
788 2232 862 2275 oum
878 2233 995 2297 magno
1010 2211 1147 2276 adsensu
1164 2210 1291 2274 auditus
1311 2227 1340 2277 12

285 2315 329 2381 est,
344 2324 410 2367 non
426 2303 529 2387 magis
544 2303 683 2385 eoquod
699 2303 937 2370 multitudinem
949 2326 1034 2368 noxa
1050 2303 1180 2369 levabat
1195 2324 1292 2386 quam

285 2398 357 2482 {uod
374 2399 502 2482 culpam
519 2397 553 2460 in
571 2408 715 2463 auctores
732 2409 880 2464 verterat.
916 2399 1025 2482 itaque
1042 2421 1116 2463 cum
1133 2397 1291 2483 principes
1311 2416 1342 2463 13

285 2491 542 2558 sorumRomanis
559 2492 797 2577 responderent,
816 2514 1020 2577 nequaquam
1037 2502 1102 2556 tam
1119 2501 1211 2577 grata
1222 2507 1293 2554 orae

285 2586 434 2651 iocorum
448 2586 519 2661 fuit,
531 2586 588 2669 qui
600 2607 681 2669 quae
689 2586 846 2672 Popillius
861 2587 1021 2651 obiecerat
1035 2586 1155 2651 diluere
1167 2594 1293 2649 utcum-

285 2700 335 2761 que
351 2681 456 2745 conati
474 2692 557 2757 sunt,
575 2702 672 2764 quam
689 2702 809 2758 corum,
827 2682 883 2764 qui
896 2680 1044 2745 Decimio
1061 2680 1094 2743 in
1111 2677 1293 2744 auctoribus

285 2773 318 2836 sd
340 2774 502 2859 piaculum
523 2795 627 2839 noxae
649 2774 822 2840 obiciendis
850 2775 977 2840 adsensi
1003 2785 1086 2839 sunt.
1130 2774 1294 2839 decretum
1312 2792 1344 2839 14

285 2866 369 2952 igitur
394 2870 570 2954 extemplo,
596 2870 709 2953 utqui
734 2892 793 2956 pro
814 2870 935 2937 Perseo
958 2872 1109 2937 adversus
1131 2870 1293 2936 Romanos

285 2959 390 3027 dixisse
407 2964 486 3047 quid
503 2974 559 3027 aut
580 2963 694 3029 fecisse
717 2965 995 3042 convincerentur,
1017 2964 1128 3049 capitis
1146 2965 1295 3030 condem-

285 3068 432 3121 narentur.
460 3069 662 3123 excesserunt
677 3057 758 3123 urbe
771 3058 831 3122 sub
846 3058 986 3124 adventu
995 3058 1212 3123 Romanorum
1224 3056 1295 3140 qui-

285 3147 360 3227 dum,
373 3151 427 3215 alii
440 3161 574 3215 mortem
589 3150 650 3215 sibi
663 3152 892 3217 consciverunt.
919 3153 1017 3238 legati
1030 3173 1095 3215 non
1104 3151 1187 3214 ultra
1197 3171 1295 3232 quam
1315 3166 1345 3213 15

286 3244 415 3329 quinque
437 3246 504 3309 dies
526 3244 634 3309 Rhodi
654 3245 768 3310 morati
784 3246 1023 3311 Alexandream
1044 3244 1294 3330 proficiscuntur.

285 3359 337 3404 nec
352 3362 389 3405 eo
407 3339 537 3424 segnius
553 3338 672 3405 iudicia
688 3361 730 3403 ex
747 3339 875 3406 decreto
893 3362 1000 3405 coram
1016 3338 1066 3403 his
1083 3338 1168 3403 facto
1177 3336 1296 3401 Rhodii

286 3433 480 3511 exercebant3
499 3454 595 3516 quam
611 3434 880 3518 perseverantiam
897 3434 932 3497 in
949 3432 1135 3517 exequenda
1151 3454 1186 3496 re
1201 3428 1294 3518 [non]

287 3537 344 3592 tam
358 3527 501 3593 Decimii
516 3528 628 3592 lenitas
646 3548 743 3612 quam
760 3526 880 3614 [metus
898 3552 918 3592 a
935 3527 1087 3592 Romanis
1104 3525 1261 3592 effecerat.

340 3621 405 3686 XI.
433 3618 535 3706 Cum]
542 3619 622 3686 haec
631 3633 826 3706 gererentur,
836 3621 1016 3687 Antiochus
1030 3620 1148 3684 frustra
1162 3631 1297 3705 tempta·
1316 3636 1329 3684 1

285 3714 321 3779 tis
335 3715 503 3780 moenibus
514 3715 719 3781 Alexandrea
736 3716 946 3791 abscesserat,
965 3725 1131 3798 ceteraque
1145 3714 1297 3800 Aegypto

285 3810 410 3893 potitus,
436 3809 547 3875 relicto
563 3809 710 3894 Memphi
726 3804 846 3875 maiore
862 3809 1063 3887 Ptolemaeo,
1090 3807 1141 3872 cui
1162 3828 1298 3893 regnum

285 3906 390 3989 quaeri
406 3905 472 3970 suis
491 3903 611 3969 viribus
627 3904 811 3981 simulabat,
830 3916 867 3968 ut
882 3904 1035 3969 victorem
1052 3926 1126 3967 mox
1144 3902 1298 3987 adgrede-

285 4011 375 4075 retur,
393 3997 564 4084 inSyriam
578 3998 751 4062 exercitum
768 3998 912 4063 abduxit.
938 4020 998 4063 nec
1015 3997 1110 4061 huius
1127 3993 1297 4061 voluntatis
1316 4010 1330 4057 a

285 4093 347 4160 tius
359 4094 492 4179 ignarus
500 4093 713 4169 Ptolemaeus,
722 4095 799 4159 dum
812 4092 1018 4159 conterritum
1031 4088 1202 4155 obsidionis
1211 4097 1298 4150 metu

285 4191 436 4256 minorem
451 4190 583 4256 fratrem
600 4190 740 4265 haberet,
757 4212 851 4275 posse
868 4211 903 4254 se
920 4187 1019 4272 recipi
1028 4181 1249 4248 Alexandreae
1266 4189 1300 4244 et

285 4308 389 4353 sorore
399 4286 569 4352 adiuvante
579 4296 611 4351 et
622 4283 944 4370 nonrepugnantibus
960 4278 1065 4345 fratris
1078 4275 1186 4341 amicis
1200 4285 1298 4349 ratus,
