3359 5092
345 515 391 582 24
555 523 674 581 LIBER
691 523 836 595 XXXXI,
854 524 897 578 24.
910 524 953 580 25.
973 524 1158 594 [a.u.c.58⁰]

347 697 414 751 tem
430 682 492 749 hoc
510 682 769 758 deocmercmus3
791 680 871 765 quid
886 680 1040 760 Perseus,
1062 703 1167 746 novus
1184 704 1259 761 rex,
1276 683 1364 749 omnis
1402 687 1410 751 ᾖ

347 777 482 844 iniuriae
498 776 623 855 insons,
641 798 699 842 suo
717 774 872 841 beneficio
888 786 1038 860 paternas
1055 776 1236 843 simultates
1254 778 1365 845 oblittc·
1404 824 1410 845 .-

297 894 330 943 12
347 895 431 950 rans,
445 872 570 948 meruit,
584 893 641 936 our
654 870 714 935 soli
726 870 870 935 omnium
878 868 985 935 hostes
1000 869 1162 936 cisimus?
1180 893 1365 958 quamquam
1402 904 1411 943 ε

348 977 380 1032 et
392 965 471 1032 illud
485 965 590 1031 dicere
607 974 762 1051 poteram,
779 974 868 1028 tanta
881 962 1023 1049 priorum
1035 962 1253 1032 Macedoniae
1266 987 1366 1054 regum
1404 977 1411 1022 ἑ

347 1061 461 1126 merita
477 1082 554 1146 erga
570 1080 629 1125 nos
648 1058 757 1135 fuisse,
774 1069 810 1122 ut
819 1056 963 1143 Philippi
980 1058 1074 1123 unius
1091 1058 1238 1137 iniurias,
1257 1061 1365 1145 siquae

298 1177 329 1225 13
348 1155 430 1221 forte
446 1154 590 1230 fuerunt,
611 1152 722 1236 utique
739 1161 813 1237 post
828 1162 964 1217 mortem
982 1148 1124 1238 [elevent
1138 1200 1147 1217 .
1161 1149 1365 1240 meministis]

347 1272 421 1316 cum
444 1247 554 1314 classis
571 1247 719 1312 Romana
738 1243 912 1311 Cenchreis
930 1256 1041 1323 staret,
1065 1247 1178 1312 consul
1197 1270 1274 1314 oum
1291 1271 1365 1315 exer

349 1343 413 1409 citu
430 1340 564 1408 Elateao
582 1352 676 1417 esset,
693 1339 835 1406 triduum
852 1360 910 1404 nos
927 1340 963 1404 in
980 1340 1114 1405 concilio
1132 1341 1237 1408 fuisse
1255 1343 1366 1409 consul·

299 1461 331 1507 14
348 1437 460 1514 tantis,
477 1446 585 1501 utrum
602 1434 764 1501 Romanos
785 1457 826 1500 an
841 1432 1029 1519 Philippum
1048 1456 1268 1518 sequeremur.
1303 1437 1367 1503 nibil
1401 1497 1411 1506 .

348 1541 452 1596 metus
470 1551 622 1616 praesens
639 1528 681 1594 ab
698 1528 853 1593 Romanis
871 1528 1044 1593 sententias
1061 1540 1186 1595 nostras
1205 1531 1368 1608 inclinarit

347 1624 409 1689 fuit
423 1634 508 1689 certe
521 1634 628 1688 tamen
643 1621 772 1704 aliquid,
791 1620 879 1705 quod
891 1632 958 1686 tam
970 1623 1101 1708 longam
1115 1623 1369 1692 deliberationem

349 1718 477 1783 faceret.
520 1716 556 1781 id
577 1714 655 1800 quid
673 1716 758 1782 erat?
783 1726 910 1780 vetusta
927 1715 1108 1782 coniunctio
1129 1739 1208 1783 cum
1226 1719 1370 1786 Macedo-

300 1833 331 1881 15
348 1812 455 1889 nibus,
473 1822 582 1877 vetera
599 1820 632 1875 et
647 1832 766 1895 magna
782 1810 816 1874 in
833 1831 892 1874 nos
910 1830 1023 1896 regum
1040 1810 1163 1877 merita.
1200 1814 1372 1880 valeautot

348 1927 434 1970 nuno
448 1906 560 1971 eadem
572 1905 636 1979 illa,
654 1926 719 1968 non
731 1914 769 1967 ut
781 1903 951 1989 praecipue
964 1903 1069 1981 amici,
1087 1916 1135 1970 set
1147 1928 1188 1971 ue
1207 1908 1372 1994 praecipuo

348 1998 469 2064 inimici
486 1999 595 2063 simus.
631 2020 671 2063 ue
688 1998 722 2062 id
740 1996 827 2081 quod
843 2019 909 2061 non
926 1998 1042 2084 agitur,
1062 1996 1266 2079 Callicrates,
1284 2004 1373 2069 simu·

349 2092 520 2159 laverimus
542 2092 610 2178 agi;
635 2113 729 2157 nemo
750 2114 854 2156 novae
872 2091 1031 2156 societatis
1055 2103 1111 2157 aut
1130 2094 1209 2158 novi
1232 2095 1372 2172 foederis,

300 2208 331 2255 16
350 2208 415 2272 quo
432 2209 490 2251 nos
508 2198 627 2252 temere
649 2186 835 2272 inligemus,
862 2185 1083 2252 conscribendi
1100 2199 1149 2252 est
1172 2200 1302 2267 auctor,
1324 2189 1373 2256 scd

351 2281 576 2346 commercium
593 2290 718 2345 tantum
735 2280 812 2345 iuris
829 2278 1003 2365 praebendi
1020 2281 1253 2367 repetendique
1270 2284 1322 2362 sit,
1337 2305 1371 2349 nc

349 2374 570 2439 interdictione
595 2374 708 2438 finium
743 2383 926 2438 nostrorum
950 2394 1009 2438 nos
1035 2395 1164 2458 quoque
1191 2387 1227 2441 et
1256 2388 1372 2443 nostros

349 2490 450 2555 regno
472 2490 652 2545 arceamus,
677 2491 719 2533 ne
740 2467 840 2533 servis
865 2467 981 2532 nostris
1004 2468 1110 2552 aliquo
1133 2468 1252 2555 fugere
1277 2471 1371 2537 liccat

301 2584 331 2630 17
351 2563 430 2648 quid
452 2562 513 2627 hoc
536 2563 689 2628 advorsus
707 2561 855 2627 Romana
876 2561 1008 2627 foedera
1030 2562 1097 2626 est?
1118 2563 1197 2646 quid
1215 2588 1286 2631 rem
1307 2587 1372 2652 par·

352 2680 425 2723 vam
451 2669 484 2723 et
509 2667 653 2742 apertam
678 2679 829 2742 magnam
853 2667 885 2722 et
911 2668 1092 2742 suspectam
1114 2656 1273 2724 facimus?
1302 2658 1371 2746 quid

303 2770 333 2818 18
352 2771 451 2816 vanos
474 2751 630 2816 tumultus
653 2750 792 2816 ciemus?
822 2749 900 2835 quid
920 2763 957 2816 ut
977 2750 1040 2836 ipsi
1061 2753 1168 2817 locum
1190 2754 1371 2821 adsentandi

351 2843 506 2909 Romanis
524 2843 710 2921 habeamus,
728 2856 892 2931 suspectos
905 2844 984 2910 alios
1002 2845 1186 2931 invisosque
1201 2848 1370 2915 efficimus?

353 2937 380 3001 si
397 2937 516 3002 bellum
535 2937 608 3013 crit,
631 2960 672 3003 no
689 2936 828 3004 Perseus
851 2939 982 3024 quidem
1000 2940 1140 3018 dubitat,
1162 2942 1244 3025 quin
1261 2943 1370 3010 Romu·

351 3052 410 3097 nos
428 3029 568 3096 secuturi
585 3031 693 3096 simus.
728 3031 763 3096 in
783 3055 864 3119 pace
882 3033 1106 3099 etiamsinon
1123 3034 1281 3104 finiuntur
1296 3037 1369 3113 odis,

303 3145 334 3192 ro
351 3124 620 3192 intermittantur?
648 3125 823 3192 cumidem
841 3127 916 3192 huic
929 3127 1072 3205 orationi,
1090 3128 1146 3212 qui
1162 3129 1278 3198 litteris
1294 3131 1367 3219 regis

352 3220 478 3286 adsensi
488 3232 587 3298 erant,
597 3219 840 3297 adsentirentur,
854 3220 1073 3306 indignatione
1085 3221 1280 3310 principum,
1293 3223 1368 3311 quod

352 3336 449 3397 quam
471 3337 539 3380 rem
559 3338 601 3381 ne
622 3315 782 3401 legatione
804 3314 935 3398 quidem
957 3314 1088 3401 diguam
1109 3314 1286 3387 iudicasset
1299 3319 1367 3388 Por·

353 3430 443 3484 seus,
473 3407 585 3473 litteris
611 3430 788 3494 paucorum
813 3431 964 3474 versuum
989 3409 1189 3495 impetraret,
1216 3412 1366 3482 decretm

302 3521 335 3568 20
354 3500 508 3565 differtur.
551 3500 650 3586 legati
673 3502 787 3568 deinde
804 3514 917 3589 postea
939 3502 1028 3567 missi
1045 3503 1087 3568 ab
1104 3526 1196 3591 rege,
1215 3530 1291 3574 cum
1304 3508 1365 3574 Mc·

352 3593 492 3679 galopoli
514 3595 682 3659 concilium
705 3606 805 3674 essct,
833 3597 971 3680 dataque
993 3618 1090 3683 opera
1112 3612 1161 3665 est
1183 3602 1225 3665 ab
1242 3601 1297 3682 iis,
1321 3597 1363 3686 qui

353 3688 561 3753 offensionem
578 3701 656 3774 aput
673 3690 836 3755 Romanos
854 3690 1019 3767 timebant,
1037 3715 1078 3757 ne
1096 3692 1341 3762 admitterentur.

322 3804 334 3850 1
417 3781 533 3848 XXV.
562 3782 627 3847 Per
644 3784 724 3851 baec
746 3795 891 3870 tempora
907 3785 1099 3852 Aetolorum
1120 3788 1155 3852 in
1171 3802 1274 3856 semet
1292 3791 1361 3877 ipsa

353 3900 464 3942 versus
482 3876 571 3943 furor
587 3880 705 3945 mutuis
724 3879 876 3947 caedibus
894 3880 937 3946 ad
956 3880 1205 3950 internecionem
1224 3886 1362 3952 adducto·

320 3994 335 4040 2
353 3994 408 4038 rus
431 3971 599 4037 videbatur
618 3985 758 4059 gentem.
802 3974 880 4041 fessi
898 3975 1012 4042 deinde
1034 3988 1067 4042 et
1082 3976 1222 4045 Romam
1243 3991 1361 4065 utraqu

352 4090 428 4153 pars
448 4066 603 4132 miserunt
627 4068 751 4155 legatos
773 4082 806 4137 et
831 4070 916 4136 inter
938 4093 973 4136 sc
998 4069 1061 4155 ipsi
1083 4070 1122 4136 dc
1142 4073 1363 4140 reconciliando

354 4161 522 4228 concordia
545 4163 699 4249 agebant,
721 4186 804 4249 quae
825 4185 912 4232 novo
930 4164 1071 4231 facinore
1089 4166 1234 4235 discussa
1255 4193 1306 4238 res
1321 4191 1364 4234 vc·

320 4274 335 4322 3
354 4266 436 4321 teres
449 4256 546 4322 etiam
559 4256 622 4322 iras
635 4258 794 4325 excitavit.
821 4258 969 4327 exulibus
983 4260 1172 4345 Hypataeis,
1191 4264 1251 4347 qui
1266 4264 1367 4332 faotio-
