3359 5092
416 535 461 602 32
640 549 757 606 LIBER
774 547 933 619 XXXXII,
951 549 977 603 5.
992 547 1017 604 6.
1037 549 1076 618 [a
1085 564 1113 603 u.
1124 565 1147 605 e
1156 547 1222 618 ost]

384 732 398 778 5
416 707 559 793 praemia
571 716 679 772 tantae
693 717 895 792 perpetratae
908 705 954 770 rei
969 704 1051 769 clam
1064 703 1271 771 interfecisse.
1289 705 1435 774 intestinis

418 802 619 886 externisque
639 811 805 886 praeterea
826 799 935 864 multis
957 799 1108 865 caedibus
1131 798 1287 866 infamem
1304 823 1366 867 neo
1381 803 1434 867 ullo

418 895 702 961 commendabilem
725 894 839 960 merito
861 893 1085 980 praeferebant
1101 894 1197 980 volgo
1215 894 1363 962 civitates
1380 907 1432 962 tan

417 991 471 1076 pio
497 1011 575 1076 erga
598 990 804 1076 propinquos,
831 999 899 1053 tam
919 987 1004 1053 iusto
1025 988 1060 1052 in
1082 988 1176 1065 civis,
1202 998 1270 1054 tam
1296 990 1431 1055 munifico

384 1107 398 1154 c
418 1106 495 1169 erga
512 1083 615 1149 omnis
632 1083 776 1149 homines
790 1084 870 1169 regi,
889 1104 946 1148 seu
963 1079 1050 1147 fama
1067 1092 1100 1147 et
1116 1083 1282 1150 maiestate
1292 1083 1430 1151 Maoedo·

417 1200 496 1242 num
517 1200 632 1264 regum
653 1176 879 1263 praeoccupati
900 1177 942 1241 ad
964 1177 1176 1263 spernendam
1192 1177 1351 1264 originem
1369 1177 1428 1243 noti
1469 1233 1473 1238 .

416 1273 517 1358 regni,
534 1295 593 1337 seu
609 1272 794 1336 mutationis
811 1294 918 1336 rerum
936 1271 1054 1357 cupidi,
1072 1293 1130 1336 seu
1147 1271 1223 1356 quia
1238 1295 1307 1337 non
1323 1272 1427 1339 obiecta
1461 1315 1469 1322 -

385 1390 398 1436 7
419 1363 524 1453 [esca]
543 1388 613 1432 esse
630 1366 786 1431 Romanis
807 1365 968 1431 volebant
1013 1375 1104 1430 erant
1124 1377 1232 1431 autem
1253 1387 1321 1432 non
1336 1364 1425 1432 Aetoli

417 1461 513 1525 modo
536 1461 570 1526 in
592 1461 801 1526 seditionibus
823 1470 955 1546 propter
974 1459 1139 1546 ingentem
1155 1460 1222 1525 vim
1239 1462 1323 1526 aeris
1340 1459 1424 1535 aheni,

418 1554 475 1619 sed
493 1553 640 1620 Thessali
658 1556 764 1620 etiam.
809 1577 850 1621 ex
868 1555 1072 1640 contagione,
1089 1555 1179 1620 velut
1195 1555 1298 1633 tabes,
1316 1556 1350 1620 in
1364 1554 1424 1620 Per·
1457 1581 1474 1616 .·

384 1648 582 1718 orhaebiam
602 1669 729 1733 quoque
751 1649 786 1714 id
807 1659 991 1736 pervaserat
1007 1649 1138 1713 malum.
1181 1670 1256 1714 cum
1274 1649 1423 1717 Thessalos
1454 1671 1474 1711 :

417 1744 452 1808 in
468 1744 565 1808 armis
582 1765 653 1809 csse
669 1745 850 1809 nuntiatum
865 1754 958 1820 esset,
976 1744 1042 1829 Ap.
1058 1741 1232 1809 Claudium
1248 1739 1424 1831 legatumul
1467 1769 1473 1776 ·

385 1859 399 1907 9
418 1859 472 1902 eas
493 1860 544 1903 res
567 1837 766 1923 aspiciendas
788 1837 1077 1923 conponendasque
1100 1848 1229 1904 senatus
1250 1837 1347 1904 misit.
1385 1833 1424 1920 qui

419 1933 585 2015 utriusque
607 1932 706 2017 partis
728 1929 926 2018 principibus
949 1932 1125 2017 castigatis,
1148 1954 1223 1997 cum
1243 1932 1361 1999 iniusto
1376 1930 1426 1996 fae·
1455 1957 1474 1968 ·

418 2046 496 2090 nore
513 2037 682 2111 gravatum
699 2049 753 2092 aes
772 2027 921 2103 alienum,
939 2026 1017 2113 ipsis
1033 2048 1151 2112 magna
1168 2049 1209 2091 ex
1226 2043 1319 2113 parte
1336 2047 1427 2093 conoe·
1464 2067 1471 2084 ι

419 2119 567 2184 dentibus
581 2120 636 2204 qui
645 2133 823 2198 onerarent,
835 2122 983 2197 levasset,
997 2120 1073 2185 iusti
1086 2120 1197 2186 crediti
1209 2119 1428 2188 solutionemin
1462 2145 1473 2182 .:

370 2234 401 2282 10
420 2212 530 2279 decem
544 2235 701 2279 annorum
713 2214 883 2301 pensiones
897 2214 1066 2279 distribuit.
1083 2233 1142 2300 per
1154 2215 1295 2281 eundem
1303 2215 1430 2303 Appium
1467 2239 1474 2246 ·

419 2308 597 2392 eodemque
609 2309 705 2374 modo
720 2310 904 2396 conpositae
916 2308 1156 2374 inPerrhaebia
1167 2331 1230 2375 res.
1255 2309 1431 2376 Aetolorum

419 2424 532 2468 causas
540 2403 716 2469 Marcellus
724 2403 862 2490 Delphis
876 2403 1028 2491 peridem
1041 2415 1167 2489 tempus
1180 2403 1351 2471 hostilibus
1359 2415 1432 2470 acus

369 2515 398 2562 11
418 2497 547 2575 animis,
573 2498 666 2582 quasi
690 2498 840 2564 intestina
862 2499 1019 2585 gesserint
1041 2499 1140 2576 bella,
1167 2500 1330 2585 cognovit.
1372 2517 1433 2564 cum

419 2604 574 2658 certatum
591 2594 751 2678 utrimque
768 2595 946 2660 temeritate
963 2605 1059 2677 atque
1072 2593 1206 2659 audacia
1219 2605 1374 2671 cerneret,
1389 2593 1434 2658 de·

419 2697 505 2752 creto
524 2686 653 2772 quidam
671 2709 728 2752 suo
745 2698 893 2753 neutram
910 2698 1033 2775 partem
1051 2698 1107 2753 aut
1124 2689 1230 2753 levare
1244 2700 1303 2754 aut
1316 2707 1433 2755 onerm

419 2780 535 2856 voluit3
558 2781 768 2846 communiter
790 2782 831 2846 ab
855 2782 998 2866 utrisque
1020 2782 1126 2867 petiit,
1150 2782 1347 2849 abstinerent
1355 2781 1433 2862 ¹bello

371 2890 401 2937 12
420 2883 453 2939 et
469 2873 629 2940 oblivione
647 2876 890 2960 praeteritorum
907 2876 1081 2942 discordias
1103 2875 1239 2941 finirent.
1283 2876 1379 2943 huius
1393 2897 1434 2940 re·

421 2967 646 3033 conciliationis
677 2969 759 3035 inter
783 2971 871 3056 ipsos
896 2971 975 3036 fides
1003 2970 1167 3036 obsidibus
1192 2970 1277 3035 ultro
1305 2972 1433 3054 citroque

419 3062 502 3127 datis
523 3063 649 3128 firmata
671 3074 728 3129 est
773 3062 963 3141 Corinthus,
980 3063 1037 3130 ubi
1055 3065 1290 3151 deponerentur
1308 3064 1432 3138 obsides,

419 3158 575 3222 convenit.

387 3269 400 3314 1
482 3252 542 3320 VI.
569 3253 604 3318 A
620 3252 757 3340 Delphis
775 3265 808 3320 et
823 3253 973 3319 Aetolico
991 3251 1124 3318 concilio
1141 3252 1318 3318 Marcellus
1335 3251 1369 3318 in
1379 3249 1432 3318 Pe·

385 3362 401 3409 a
418 3346 628 3430 loponnesum
642 3347 775 3424 traiecit,
785 3369 849 3432 quo
859 3347 999 3411 Achaeis
1013 3346 1156 3411 edixerat
1169 3357 1372 3412 conventum.
1387 3341 1430 3409 nli

420 3438 611 3504 conlaudata
636 3451 747 3525 gente,
774 3442 861 3526 quod
888 3452 1069 3506 constanter
1093 3451 1187 3505 vetus
1213 3439 1377 3506 decretum
1398 3435 1429 3500 dc

419 3532 566 3598 arcendis
597 3535 685 3600 aditu
715 3536 828 3601 finium
858 3533 989 3622 regibus
1015 3535 1233 3600 Macedonum
1259 3534 1428 3604 tenunsnt

387 3642 402 3690 a
419 3627 544 3713 insigne
566 3629 718 3696 adversus
735 3630 856 3697 Persea
878 3631 988 3696 odium
1005 3631 1223 3696 Romanorum
1240 3627 1333 3709 fscit;
1358 3621 1428 3714 quod

419 3732 456 3786 ut
469 3724 624 3789 maturius
633 3737 821 3812 erumperet,
831 3724 996 3791 Eumenes
1007 3746 1065 3791 rex
1075 3724 1327 3791 conmentarium
1340 3723 1427 3790 fem

420 3837 539 3893 secum,
556 3819 642 3902 quod
656 3820 696 3885 de
710 3820 916 3906 apparatibus
931 3820 1006 3885 belli
1018 3820 1124 3885 omnia
1137 3818 1301 3903 inquirens
1315 3819 1426 3886 facud

384 3926 402 3974 4
419 3908 555 3977 Romam
569 3913 665 3979 venit.
691 3937 749 4000 per
765 3914 852 3980 idem
869 3926 995 4000 tempus
1009 3915 1151 3999 quinque
1167 3914 1267 4000 legati
1280 3913 1323 3978 ad
1336 3927 1426 3997 regffll

418 4005 522 4083 missi,
549 4007 605 4090 qui
625 4010 732 4073 resin
758 4008 952 4074 Macedonia
978 4008 1164 4095 aspicerent.
1212 4005 1425 4074 Alexandria

418 4098 504 4164 idem
526 4101 568 4164 ad
584 4100 808 4168 Ptolemaeum
828 4104 1031 4168 renovandae
1054 4101 1212 4168 amicitiae
1229 4123 1329 4167 causa
1349 4094 1426 4186 profi·
1461 4151 1474 4164 .

386 4193 495 4257 scisci
520 4194 608 4259 iussi.
652 4195 750 4281 legati
772 4208 863 4262 erant
886 4197 935 4261 hi:
964 4195 1003 4262 C.
1021 4197 1185 4274 Valerius,
1213 4193 1274 4261 Cn.
1292 4191 1426 4260 Lutatius

421 4282 537 4365 Cerco,
562 4287 604 4371 Q.
622 4289 764 4356 Baebius
783 4287 896 4369 Sulca,
914 4291 1047 4357 Marcus
1066 4288 1235 4356 Cornelius
1252 4283 1426 4354 Mammas

1469 2655 1474 2698 l
