3359 5092
495 548 1087 621 nmuaxxxxn‚40.41.[ac.1r1]
1263 541 1303 607 61

291 708 435 773 Euersam
453 718 486 773 et
505 706 720 785 Callicritum,
737 708 894 774 venientis
912 708 955 774 ad
971 731 1031 775 nos
1049 731 1202 794 quaerere
1220 713 1306 778 malo

294 805 351 887 quis
367 803 563 870 interfecerit
580 824 678 888 quam
695 826 841 890 arguere.
885 805 920 869 in
936 805 1066 870 Aetolia
1089 805 1208 872 bellum
1225 808 1307 873 inte·

296 898 396 962 atinum
410 909 443 964 et
455 898 571 963 caedes
588 897 779 984 principum,
796 920 855 984 per
868 921 949 983 quos
961 900 1023 964 nisi
1039 922 1099 985 per
1112 911 1185 967 tuos
1202 901 1307 968 factae

297 991 378 1057 videri
390 992 544 1079 possunt?
564 992 709 1078 Dolopes
723 1015 744 1057 a
756 1004 789 1058 te
801 993 871 1079 ipso
886 994 1019 1060 evastati
1033 1005 1117 1062 sunt.
1143 994 1306 1062 Eumenes
1325 1017 1341 1067 8

297 1108 341 1151 rex
356 1086 395 1152 ab
411 1086 519 1152 Roma
536 1108 610 1151 cum
626 1087 661 1152 in
677 1110 815 1173 regnum
836 1088 968 1166 rediret,
990 1110 1090 1175 prope
1113 1101 1150 1155 ut
1166 1091 1308 1155 victuma

297 1179 414 1267 Delphis
432 1181 466 1245 in
489 1193 614 1246 sacrato
636 1182 708 1247 loco
730 1193 805 1247 ante
822 1205 894 1248 aras
911 1195 1085 1262 mactatus,
1113 1207 1209 1269 quem
1231 1186 1308 1250 insi·

297 1278 378 1343 nulet
394 1278 485 1363 piget
501 1277 620 1343 referre
625 1302 635 1355 ;
653 1298 736 1362 quae
753 1278 871 1365 hospes
884 1279 1098 1345 Brundisinus
1116 1281 1242 1347 occulta
1258 1281 1308 1345 fa·
1326 1300 1341 1348 9

298 1370 386 1436 oinora
410 1371 544 1449 indicet,
572 1382 695 1437 certum
719 1372 823 1438 habeo
850 1384 882 1439 et
909 1374 1026 1459 scripta
1052 1374 1110 1439 tibi
1132 1375 1240 1440 omnia
1266 1374 1307 1439 ab

298 1463 383 1530 Roma
399 1488 470 1531 esse
488 1476 519 1531 et
537 1467 660 1552 legatos
677 1467 876 1533 renuntiasse
893 1478 976 1534 tuos.
1008 1468 1088 1534 haec
1105 1493 1147 1535 ne
1164 1470 1308 1535 diceren-
1326 1488 1359 1536 10

297 1571 335 1625 tur
345 1585 363 1627 a
373 1585 436 1639 me,
453 1583 519 1627 uno
532 1562 629 1626 modo
643 1562 745 1627 vitare
762 1562 905 1648 potuisti,
922 1585 987 1628 non
1000 1565 1192 1648 quaerendo,
1210 1586 1308 1648 quam

297 1654 328 1719 ob
349 1678 478 1721 causam
504 1656 662 1721 exercitus
687 1657 722 1721 in
748 1656 976 1722 Macedoniam
1003 1658 1225 1734 traicerentur,
1252 1671 1307 1723 aut

295 1751 437 1835 praesidia
457 1751 492 1815 in
509 1750 670 1817 sociorum
691 1752 788 1818 urbes
809 1751 1018 1819 mitteremus.
1061 1752 1227 1837 quaerenti
1249 1752 1308 1817 tibi

295 1846 445 1930 superbius
463 1846 673 1915 tacuissemus
691 1867 789 1931 quam
804 1869 882 1912 vera
897 1848 1130 1934 respondimus.
1158 1846 1307 1931 equidem
1327 1866 1356 1913 11

293 1959 339 2023 pro
353 1952 485 2026 paterno
507 1952 616 2006 nostro
633 1941 770 2028 hospitio
792 1942 887 2007 faveo
906 1942 1041 2007 orationi
1057 1952 1146 2020 tuae,
1169 1953 1202 2007 et
1219 1951 1306 2028 opto,

293 2045 321 2097 ut
334 2035 452 2120 aliquid
469 2034 547 2100 mihi
564 2036 715 2103 materiae
737 2037 892 2122 praebeas
909 2036 1054 2123 agendae
1071 2047 1146 2102 tuae
1163 2047 1241 2123 aput
1259 2057 1309 2101 se·

291 2141 388 2194 uatum
406 2130 543 2195 causae.’

343 2223 517 2290 XXXXI.
544 2225 600 2288 Ad
618 2247 656 2290 ea
669 2248 727 2290 rex
744 2226 878 2291 ‘bonam
892 2247 1033 2304 causam,
1051 2226 1078 2292 si
1091 2237 1169 2312 aput
1185 2225 1306 2291 iudices
1327 2251 1340 2296 1

291 2343 396 2406 aequos
423 2332 589 2407 ageretur,
616 2332 694 2407 aput
711 2322 840 2388 eosdem
859 2335 891 2388 et
913 2333 1114 2389 accusatores
1133 2333 1165 2386 et
1186 2320 1307 2385 iudices

290 2437 382 2502 agam.
427 2439 539 2483 eorum
560 2429 669 2482 autem
686 2439 769 2501 quae
787 2418 913 2484 obiecta
930 2429 1004 2483 sunt
1020 2417 1113 2494 mihi,
1135 2416 1252 2503 partim
1270 2438 1308 2480 ea
1326 2437 1341 2486 2

290 2523 367 2590 sunt,
385 2511 503 2596 quihus
521 2512 629 2579 nescio
646 2535 689 2577 an
705 2512 836 2599 gloriari
854 2512 1003 2588 debeam,
1026 2511 1142 2597 partim
1160 2532 1242 2594 quae
1259 2509 1309 2574 fa-

290 2606 339 2670 teri
356 2605 447 2694 [non]
473 2607 675 2684 erubescam,
700 2607 817 2693 partim
838 2627 922 2690 quae
945 2607 1044 2672 verbo
1062 2606 1187 2671 obiecta
1209 2604 1307 2671 verbo

289 2720 394 2787 negare
413 2703 464 2766 sit.
500 2702 578 2786 quid
596 2702 691 2778 enim,
710 2702 738 2767 si
754 2702 882 2788 legibus
900 2702 1013 2768 vestris
1031 2701 1126 2766 hodie
1144 2721 1218 2766 reus
1236 2699 1307 2776 sim,
1326 2720 1342 2767 3

292 2809 338 2860 aut
351 2796 447 2863 index
464 2796 679 2862 Brundisinus
697 2807 753 2862 aut
769 2796 934 2862 Eumenes
955 2796 1035 2861 mihi
1053 2795 1184 2872 obiciat,
1201 2804 1238 2859 ut
1256 2816 1309 2859 ac·

294 2908 389 2957 casare
415 2891 522 2977 potius
556 2914 631 2958 vere
658 2914 757 2976 quam
783 2891 948 2958 convitiari
974 2891 1162 2958 videantur?
1188 2890 1343 2957 sciliceta

295 3002 342 3048 nec
350 2985 520 3064 Eumenes,
540 3008 614 3051 cum
627 2997 694 3051 tam
706 2987 814 3052 multis
832 2987 940 3072 gravis
958 2987 1086 3073 publice
1105 3007 1143 3051 ac
1159 2985 1309 3072 privatim

298 3076 342 3155 sit,
360 3081 457 3146 alium
479 3103 577 3165 quam
594 3105 647 3146 me
663 3081 828 3147 inimicum
850 3081 976 3159 habuit3
999 3103 1104 3166 neque
1122 3101 1183 3166 ego
1205 3080 1309 3164 potio·

299 3190 350 3237 rem
361 3197 556 3259 quemquam
569 3176 610 3241 ad
623 3176 798 3241 ministeria
812 3176 992 3241 facinorum
1005 3197 1103 3260 qnam
1113 3172 1308 3248 Rammium,

302 3284 375 3347 quem
392 3293 499 3355 neque
516 3294 670 3356 umquam
692 3284 766 3337 ante
785 3271 929 3338 videram
946 3293 1006 3337 nec
1024 3292 1112 3335 eram
1133 3279 1245 3355 postea
1262 3266 1310 3331 ri-

303 3379 387 3442 turus,
412 3365 556 3431 invenire
573 3366 673 3451 potui.
717 3382 748 3431 et
766 3366 1011 3443 Thebanorum,
1038 3386 1118 3450 quos
1139 3361 1342 3449 naufrag105

305 3458 400 3535 perisse
418 3471 559 3537 constat,
577 3473 609 3526 et
622 3460 810 3526 Arthetauri
827 3461 934 3527 caedis
952 3460 1030 3525 mihi
1048 3458 1212 3525 reddenda
1229 3457 1309 3522 ratio

304 3563 347 3629 est;
366 3556 400 3620 in
417 3577 483 3641 qua
499 3568 606 3621 tamen
624 3556 703 3621 nihil
720 3557 805 3624 ultra
822 3557 960 3623 obicitur
976 3577 1074 3640 quam
1090 3555 1310 3622 interfectores

304 3643 353 3713 dua
366 3650 400 3714 in
416 3673 519 3736 regno
537 3653 700 3718 exsulasse
723 3674 805 3718 meo.
841 3651 933 3718 cuius
950 3650 1144 3717 condicionis
1161 3649 1311 3734 iniquita·
1329 3665 1344 3714 6

303 3749 350 3808 ten
362 3744 408 3810 ita
423 3767 488 3811 non
506 3769 578 3811 aum
595 3758 815 3826 recusaturus,
832 3747 861 3813 si
878 3769 936 3814 vos
953 3768 1082 3832 quoqne
1100 3746 1257 3833 accipitis,
1275 3755 1313 3809 nt

302 3838 473 3926 quicumque
491 3842 601 3908 exules
619 3842 653 3907 in
669 3843 799 3908 Italiam
816 3855 873 3908 aut
888 3843 1027 3909 Romam
1045 3865 1079 3909 se
1097 3842 1311 3917 contulerunt,

300 3927 336 3997 his
350 3936 543 4013 facinorum,
564 3948 694 4023 propter
712 3960 795 4023 quae
813 3937 956 4004 damnati
979 3948 1067 4016 sunt,
1090 3947 1236 4002 auctores
1253 3955 1311 3998 vos

297 4024 380 4097 fuisse
392 4030 569 4098 fateamini.
597 4033 625 4096 si
641 4032 702 4097 hoc
716 4045 748 4097 et
760 4055 818 4098 vos
830 4032 1019 4098 recusabitis
1033 4044 1065 4098 et
1079 4053 1189 4096 omnes
1198 4027 1311 4092 Italiae
1331 4046 1344 4091 t

296 4126 401 4206 gentis,
424 4148 487 4213 ego
511 4148 639 4211 quoque
660 4127 744 4193 inter
766 4139 888 4193 ceteros
906 4150 970 4193 ero.
1015 4138 1048 4191 et
1069 4125 1211 4199 hercule,
1234 4120 1312 4204 quid

294 4219 403 4288 adtinet
420 4222 571 4305 cuiquam
584 4222 715 4287 exihum
732 4234 852 4308 patere,
870 4223 898 4288 si
912 4243 1073 4306 nusquam
1086 4218 1172 4286 exuli
1185 4217 1312 4282 futurus

291 4311 372 4383 locus
397 4318 466 4384 est?
493 4339 556 4403 ego
582 4329 689 4385 tamen
716 4318 807 4398 istos,
834 4329 871 4385 ut
899 4319 1038 4405 primum
1063 4315 1097 4380 in
1118 4312 1348 4382 Macedoniae
