3359 5092
327 528 372 597 60
534 535 652 594 LIBER
667 532 823 605 XXXXII,
841 533 885 589 39.
898 532 941 587 40.
961 537 1000 600 [a.
1011 547 1038 586 ιι.
1048 545 1072 587 c.
1081 529 1146 602 583]

329 697 407 784 quid
431 694 543 783 populi
569 691 708 759 Romani
737 689 873 767 nomini,
906 712 979 755 cum
1006 689 1194 776 praesertim
1219 688 1343 755 Perseus

294 810 310 855 5
328 792 459 879 petisset
468 787 682 871 conloquium,
693 784 927 851 existumabant
936 781 1055 850 deberi.
1077 784 1149 849 ioco
1163 782 1258 849 ctiam
1268 783 1343 847 Mar·

328 888 398 953 eins
416 876 592 950 cunctantis
608 881 717 946 movit.
744 880 876 945 ‘minor’
894 879 999 965 inquit
1016 879 1073 944 ‘ad
1090 878 1244 945 maiorem
1262 878 1342 945 et’-

329 982 417 1067 quod
438 978 590 1063 Philippo
611 976 674 1062 ipsi
697 997 876 1062 cognomen
899 987 1028 1041 erat-
1045 974 1144 1039 ‘filius
1167 974 1211 1039 ad
1235 985 1341 1060 patrem

296 1073 490 1141 etranseat?
533 1072 628 1136 lacile
653 1092 842 1157 persuasum
867 1070 902 1135 id
926 1069 996 1155 regi
1022 1080 1081 1134 est.
1131 1068 1220 1134 aliud
1245 1068 1341 1133 deinde

330 1168 563 1255 ambigebatur,
582 1188 656 1231 cum
674 1186 771 1249 quarn
788 1164 898 1229 multis
915 1164 1073 1229 transiret.
1105 1186 1164 1228 rex
1181 1160 1341 1228 cumomni

331 1264 484 1330 comitatu
501 1260 635 1326 transire
654 1282 766 1326 aecum
784 1259 949 1337 censebat3
972 1259 1070 1345 legati
1087 1259 1140 1324 vel
1162 1280 1237 1323 cum
1258 1258 1341 1323 tribus

329 1359 438 1425 venire
454 1356 610 1422 iubebant
626 1356 687 1432 vel,
706 1355 733 1419 si
750 1364 875 1420 tantum
889 1377 1006 1440 agmen
1023 1354 1215 1430 traduceret,
1233 1352 1341 1419 obsides

297 1454 422 1530 tdare,
448 1451 528 1516 nihil
550 1448 673 1514 fraudis
695 1448 764 1515 fore
785 1447 820 1513 in
838 1449 1017 1533 conloquio.
1061 1448 1207 1534 Hippian
1225 1458 1256 1513 et
1272 1446 1341 1511 Pan·

329 1547 498 1621 tauchum‚
525 1565 605 1628 quos
624 1555 655 1609 et
676 1545 799 1630 legatos
821 1544 964 1620 miserat,
991 1543 1151 1629 principes
1174 1543 1341 1614 amicorum

330 1641 457 1706 obsides
476 1639 572 1704 dedit.
604 1661 665 1704 nec
682 1638 800 1703 tamin
817 1640 935 1725 pignus
953 1638 1028 1705 fidei
1045 1637 1172 1705 obsides
1191 1633 1342 1702 desiderati

331 1746 421 1801 erunt
439 1756 536 1819 quarn
553 1743 589 1799 nt
606 1744 787 1819 appareret,
811 1734 904 1800 sociis
922 1754 1125 1819 nequaquam
1145 1756 1186 1799 ex
1205 1732 1341 1819 dignitate

296 1830 401 1918 spari
428 1829 580 1915 congredi
606 1851 716 1915 regem
743 1851 817 1894 oum
843 1828 968 1915 legatis.
1018 1827 1167 1893 salutatio
1188 1850 1254 1893 non
1278 1839 1341 1891 tanr-

331 1947 429 2010 quarn
445 1924 600 2000 hostium,
619 1924 676 1989 sed
693 1923 859 2009 hospitalis
878 1946 916 1988 ac
933 1922 1073 2008 benigna
1089 1922 1166 2000 fuit,
1184 1922 1342 2009 positisque
1375 1989 1379 2000 ¹

331 2019 460 2085 sedibus
479 2018 700 2084 consederunt.
1375 2049 1379 2100 g

298 2132 311 2177 1
395 2111 554 2177 XXXX.
583 2110 667 2177 Cum
685 2112 849 2198 paulisper
867 2112 1028 2177 silentium
1041 2112 1165 2189 fuisset,
1184 2107 1342 2198 ‘expectari
1378 2107 1379 2156 ἓ

330 2208 403 2273 nos’
428 2208 531 2290 inquit
557 2207 701 2272 Marcius
729 2207 893 2285 ‘arbitror‚
921 2218 956 2272 ut
977 2208 1227 2294 respondeamus
1249 2204 1342 2272 litteris

331 2303 408 2381 tuis,
432 2324 512 2387 quas
530 2300 705 2389 Corcyram
722 2303 851 2381 misisti,
868 2304 903 2368 in
920 2303 1037 2387 quibus
1060 2303 1203 2388 quaeris,
1222 2302 1296 2387 quid
1310 2300 1342 2364 ita
1376 2333 1379 2344 ·

330 2397 428 2485 legati
451 2421 524 2463 curn
546 2397 700 2463 militibus
723 2398 904 2464 venerimus
922 2409 955 2464 et
977 2398 1137 2485 praesidia
1157 2398 1193 2463 in
1216 2396 1341 2484 singula
1371 2449 1379 2484 4

296 2510 313 2557 a
330 2493 426 2558 urbes
445 2492 650 2558 dimittamus.
679 2492 720 2556 ad
737 2492 821 2559 hano
837 2492 1121 2579 interrogationem
1139 2502 1230 2558 tuom
1248 2504 1279 2558 et
1292 2511 1342 2555 non
1373 2495 1379 2578 l

330 2588 523 2674 respondere
540 2609 666 2663 vereor,
684 2610 725 2653 ne
743 2587 917 2673 superbum
936 2587 991 2664 sit,
1015 2598 1046 2653 et
1064 2609 1140 2653 vera
1157 2587 1342 2674 respondere,
1372 2643 1379 2702 4

297 2683 484 2756 unanimis
508 2682 660 2747 acerbum
682 2683 824 2748 audienti
846 2683 904 2748 tibi
926 2684 1082 2748 videatur.
1129 2683 1186 2748 sed
1210 2706 1282 2748 cum
1301 2689 1343 2745 aut
1375 2711 1379 2756 t

332 2778 439 2842 verbis
458 2778 664 2862 castigandus
682 2787 738 2842 aut
756 2779 852 2843 armis
871 2779 911 2844 sit
929 2779 986 2863 qui
1002 2779 1116 2844 foedus
1130 2780 1262 2866 rumpit,
1279 2779 1343 2843 sicut
1372 2759 1380 2902 j

332 2872 453 2936 bellum
471 2872 623 2937 adversus
641 2883 673 2937 te
691 2872 734 2936 ali
752 2894 850 2957 quam
867 2874 947 2938 mihi
963 2874 1152 2939 mandatum
1169 2875 1291 2951 malim,
1310 2872 1342 2936 iu
1373 2909 1379 2972 4

332 2966 482 3031 orationis
505 2966 712 3033 acerbitatem
736 2969 889 3034 adversus
912 2969 1086 3055 hospitem,
1109 2979 1284 3054 utcumque
1299 2975 1342 3037 est,

333 3060 462 3139 subibo,
481 3061 563 3127 sicut
580 3062 709 3141 medici,
728 3085 802 3128 cum
819 3064 931 3129 salutis
949 3086 1048 3129 causa
1065 3064 1204 3129 tristiora
1220 3060 1343 3130 remedia
1375 3117 1379 3150 2

297 3155 493 3222 redhibent.
540 3179 580 3222 ex
607 3178 671 3241 quo
697 3181 833 3245 regnum
861 3159 996 3244 adeptus
1023 3182 1073 3234 es,
1100 3182 1199 3224 unam
1225 3182 1291 3225 rem
1311 3166 1342 3227 te,

331 3273 414 3335 quae
432 3251 580 3318 facienda
596 3253 702 3329 fuerit,
722 3265 851 3319 senatus
869 3254 982 3320 fecisse
997 3265 1115 3332 censet,
1134 3256 1222 3338 quod
1239 3255 1343 3341 legatos

331 3345 469 3410 Romam
488 3347 529 3411 ad
546 3348 765 3413 renovandum
780 3348 911 3435 [foedus
929 3348 1068 3426 miseris3
1087 3348 1174 3432 quod
1188 3349 1293 3435 ipsum
1308 3361 1344 3410 ta·

331 3461 407 3504 men
432 3438 491 3503 tibi
516 3461 581 3505 non
606 3442 706 3507 fuisse
728 3441 963 3530 renovandum]
986 3443 1106 3509 iudicat
1132 3444 1239 3529 potius
1265 3460 1345 3527 quan

298 3550 407 3597 ocum
432 3545 620 3599 renovatum
647 3546 731 3602 esset
756 3538 951 3602 violandum.
1003 3538 1213 3622 Abrupolim,
1242 3537 1346 3603 accim

333 3638 428 3711 atque
444 3627 583 3692 amicum
597 3630 708 3716 populi
717 3630 865 3710 Romani,
879 3653 979 3718 regno
993 3632 1156 3718 expulisti3
1174 3626 1348 3699 Arthetauri

331 3721 564 3800 interfectores,
591 3735 627 3789 ut
654 3726 766 3803 caede,
792 3749 833 3792 ne
856 3728 934 3811 quid
955 3729 1039 3793 ultra
1063 3728 1183 3806 dicam,
1209 3729 1349 3794 laetatum

332 3827 512 3901 appareret,
535 3818 698 3905 recepisti,
721 3820 778 3905 qui
800 3822 944 3886 omnium
967 3822 1151 3908 Illyriorum
1171 3822 1350 3888 fidissimum

298 3926 313 3975 6
332 3910 479 3977 Romano
501 3912 621 3979 nomini
643 3916 791 4001 regulum
814 3917 1011 3995 occiderant;
1035 3940 1093 4003 per
1110 3917 1312 3982 Thessaliam
1325 3923 1350 3977 et

331 4005 524 4072 Maliensem
546 4032 660 4095 agrum
684 4032 758 4076 cum
779 4012 921 4078 exercitu
943 4023 1054 4077 contra
1076 4012 1191 4077 foedus
1214 4012 1351 4099 Delphos

332 4100 399 4178 isti3
426 4102 581 4187 Byzantia
607 4104 685 4168 item
709 4118 818 4170 contra
843 4106 957 4172 foedus
984 4107 1098 4172 misisti
1125 4107 1261 4186 auxilia3
1288 4127 1353 4172 cum

332 4193 472 4271 Boeotis,
486 4197 580 4262 sociis
595 4198 720 4274 nostris,
735 4212 891 4266 secretam
905 4201 1040 4289 tibiipsi
1055 4201 1250 4278 societatem,
1265 4222 1355 4286 quam

299 4306 396 4354 tnon
426 4289 557 4370 licebat,
590 4292 794 4360 iureiurando
827 4295 977 4383 pepigisti
984 4321 994 4375 3
1025 4297 1199 4362 Thebanos
1226 4299 1355 4383 legatos,
