3359 5092
464 551 584 610 uranu
599 551 738 624 xxm,
756 551 800 607 ao.
813 552 857 608 21.
877 553 916 624 [ι
925 551 956 609 c.
966 553 1026 609 ru.
1036 553 1099 625 1⁷4]
1256 543 1297 612 ta

284 712 361 779 edit.
398 709 656 797 magnificentiae
670 732 746 776 vero
760 711 794 776 in
808 710 885 777 deos
903 711 954 776 vel
967 711 1054 777 Iovis
1065 710 1199 800 Olympi
1215 729 1298 782 tam·
1314 737 1330 788 s

284 810 352 873 lum
362 804 517 882 Athenis,
534 825 636 869 unum
649 805 685 870 in
697 806 788 871 terris
805 805 990 871 incohatum
1007 829 1065 892 pro
1079 810 1297 896 magnitudine

284 903 330 979 tei,
356 911 469 988 potest
495 896 617 987 [testis]
646 921 731 977 esse;
758 901 816 965 ssd
843 911 875 966 et
895 899 1003 965 Delon
1029 902 1093 966 aris
1119 903 1330 990 insignibuss

284 1007 511 1079 tatuarumque
528 995 621 1080 copia
639 996 818 1074 exornavit,
837 1008 870 1061 et
886 997 1077 1063 Antiochiae
1094 998 1180 1063 Iovis
1199 997 1298 1086 Capi-

284 1091 353 1159 tlini
371 1091 583 1177 magnificum
599 1091 764 1176 templum,
780 1113 847 1156 non
864 1092 1047 1176 laqueatum
1065 1115 1144 1159 auro
1161 1106 1295 1174 tantum,

284 1187 319 1252 ed
335 1185 517 1274 parietibus
535 1185 609 1249 totis
626 1184 779 1249 lammina
795 1185 993 1265 inauratum,
1017 1197 1049 1252 et
1067 1188 1130 1253 alia
1146 1189 1247 1254 multa
1263 1190 1298 1256 in

284 1282 332 1347 liis
345 1281 430 1346 locis
447 1279 618 1366 pollicitus,
635 1280 711 1364 quia
727 1281 884 1365 perbreve
897 1293 1022 1368 tempus
1036 1282 1128 1368 regni
1143 1283 1211 1348 eius
1225 1283 1296 1359 fuit,

284 1399 328 1441 on
348 1374 500 1462 perfecit.
544 1376 798 1460 spectaculorum
814 1397 942 1459 quoque
961 1377 1063 1442 omnis
1085 1377 1211 1466 generis
1228 1401 1298 1444 ma·
1317 1395 1348 1442 10

284 1469 453 1536 niiicentia
471 1469 649 1554 superiores
661 1492 753 1555 reges
768 1470 854 1547 vicit,
873 1471 1069 1554 reliquorum
1086 1473 1136 1538 sui
1153 1474 1250 1538 moris
1265 1485 1297 1538 et

284 1565 356 1652 cpia
363 1562 571 1631 Graecorum
588 1564 758 1641 artificnm3
775 1564 988 1649 gladiatorum
1006 1589 1122 1631 munus
1132 1566 1296 1633 Romanae
1317 1584 1346 1630 11

284 1658 508 1726 onsuetndinis
525 1658 629 1745 primo
641 1659 761 1724 maiore
776 1680 851 1724 cum
864 1670 983 1725 terrore
998 1660 1173 1737 hominum,
1192 1662 1297 1728 insus-

284 1777 370 1820 orum
384 1753 432 1818 ad
449 1753 514 1818 tale
528 1753 755 1838 spectaculum,
773 1774 872 1836 quarn
884 1754 1046 1840 voluptate
1062 1755 1163 1834 dedit3
1182 1755 1297 1820 deinde
1319 1772 1348 1818 12

285 1850 394 1936 sepius
424 1847 548 1923 dando,
579 1859 611 1913 et
639 1847 736 1911 modo
762 1848 944 1912 volneribus
972 1859 1080 1926 tenus,
1107 1849 1202 1912 modo
1230 1849 1297 1914 sine

284 1942 418 2009 nissione
438 1941 550 2018 etiam,
568 1951 601 2006 et
615 1939 774 2006 familiare
791 1941 891 2006 oculis
909 1951 1101 2028 gratumque
1123 1942 1157 2006 id
1175 1954 1298 2029 specta·

285 2038 374 2102 ulum
391 2035 488 2112 fecit,
510 2047 543 2100 et
560 2057 721 2100 armorum
738 2036 880 2100 studium
897 2036 1057 2121 plerisque
1075 2037 1228 2102 iuvenum
1245 2059 1298 2102 ao·

285 2132 382 2198 endit.
410 2131 523 2215 itaque
539 2131 642 2216 primo
659 2130 716 2213 qui
733 2130 774 2193 ab
788 2130 893 2194 Roma
911 2131 1036 2216 magnis
1054 2133 1152 2216 pretis
1169 2145 1297 2218 paratos
1317 2147 1348 2194 la

285 2227 462 2310 ‚ladiatores
481 2245 642 2291 amassem
658 2226 769 2290 solitus
787 2237 866 2301 erat,
884 2226 947 2289 iarn
965 2247 1023 2290 suo

777 2331 796 2364 1
925 2330 943 2364 ὖ

332 2413 437 2479 XXI.
465 2410 610 2500 [Scipio
630 2414 714 2480 inter
733 2415 930 2501 peregrinos.
974 2414 1023 2479 M.
1041 2414 1143 2479 Atilio
1160 2414 1297 2500 praetori
1309 2430 1357 2477 aa

285 2509 436 2593 prouincia
461 2506 613 2575 Sardinia
638 2510 826 2587 obvenerat3
858 2510 915 2575 sed
941 2531 1015 2574 cum
1045 2509 1171 2595 legione
1202 2531 1297 2586 nova,

285 2623 377 2686 quarn
392 2602 534 2668 consules
553 2605 818 2690 conscripserant,
837 2604 978 2687 quinque
995 2603 1124 2667 milibus
1142 2602 1297 2688 peditum,

285 2697 422 2764 trecentis
438 2697 609 2783 equitibus,
626 2697 661 2763 in
674 2695 839 2764 Corsicam
857 2699 962 2763 iussus
981 2708 1030 2763 est
1046 2697 1189 2763 transire.
1221 2695 1299 2760 dum

285 2791 365 2857 sibi
380 2791 500 2858 bellum
512 2803 648 2877 gereret,
665 2789 816 2857 Cornelio
834 2802 1041 2878 prorogatum
1054 2791 1232 2876 imperium,
1251 2788 1298 2856 uti

285 2887 429 2974 iptiueret
443 2884 635 2952 Sardiniam.
663 2883 725 2951 On.
736 2884 875 2952 Servilio
888 2884 1044 2971 Caepioni
1061 2885 1095 2950 in
1107 2884 1299 2970 Hispaniam
1316 2901 1331 2948 a

285 2983 455 3048 tlteriorem
481 2992 514 3047 et
539 2980 578 3046 P.
605 2981 705 3046 Furio
731 2981 826 3046 Philo
852 2981 887 3045 in
913 2981 1090 3046 citeriorem
1121 2980 1182 3044 tria
1211 2979 1299 3043 milia

285 3078 415 3144 »editum
433 3077 671 3154 Romanorum,
699 3077 821 3162 equites
844 3087 971 3142 centum
993 3074 1240 3160 quinquaginta,
1268 3084 1299 3138 et

285 3173 394 3238 oeitlm
415 3171 529 3236 Latini
550 3172 688 3236 nominis
709 3172 849 3256 quinque
873 3170 961 3234 milia
982 3169 1140 3256 peditum,
1166 3165 1299 3231 trecenti

285 3267 405 3352 equites,
425 3265 537 3333 Sicilia
553 3265 658 3331 Lucio
677 3263 813 3330 Claudio
832 3266 900 3329 sine
923 3263 1143 3349 supplemento
1162 3260 1298 3325 decreta

285 3361 351 3428 lusa
367 3372 537 3448 praeterea
554 3360 696 3447 legiones
714 3359 862 3425 consules
880 3359 1017 3423 scribere
1034 3356 1112 3420 iussi
1126 3377 1199 3420 cum
1216 3354 1331 3418 iustot

286 3477 406 3523 numero
432 3454 578 3541 pediturn
604 3455 827 3540 equitumque,
854 3464 886 3518 et
911 3453 1022 3517 decem
1048 3449 1136 3514 milia
1158 3449 1301 3535 peditum

286 3551 367 3616 tociis
382 3551 544 3636 imperare
561 3561 594 3616 ct
611 3560 771 3616 sescentos
789 3548 922 3632 equites.
967 3547 1099 3611 dilectus
1117 3543 1329 3610 consulibusn

286 3665 316 3710 so
330 3645 492 3712 difficilior
510 3655 591 3722 erat,
615 3645 702 3729 quod
723 3643 918 3730 pestilentia,
941 3663 1023 3725 quae
1044 3640 1149 3725 priore
1167 3659 1249 3704 anno
1268 3637 1301 3701 in

286 3739 374 3807 boves
394 3739 575 3826 ingmerat,
601 3762 639 3806 eo
663 3749 801 3805 verterat
820 3738 856 3802 in
877 3736 1042 3802 hominum
1065 3733 1201 3798 morbos.
1246 3731 1301 3816 qui

286 3831 468 3912 inciderant,
491 3833 580 3898 baud
602 3833 696 3899 facile
718 3832 888 3918 septimum
906 3831 990 3895 diem
1012 3828 1220 3914 superabant,
1246 3825 1301 3908 qui

286 3939 505 4016 superaverant
521 3927 711 4014 longinquo,
736 3927 876 3992 maxime
894 3934 1084 4009 quartanae,
1106 3920 1301 4007 inplicaban-

287 4035 333 4085 tur
345 4021 468 4088 morbo.
499 4021 628 4088 servitia
644 4022 783 4087 maxime
799 4019 1031 4093 moriebantur,
1050 4037 1161 4081 eorum
1179 4025 1299 4094 strages
1321 4027 1335 4075 a

290 4134 337 4197 per
351 4117 454 4182 omnis
472 4117 541 4182 vias
558 4116 790 4203 insepultorum
808 4126 886 4180 erat.
926 4135 967 4178 ne
983 4112 1156 4177 liberorum
1173 4103 1301 4190 quidem

291 4205 443 4278 funen'bus
461 4209 606 4278 Libitina
629 4209 818 4277 sufficiebat.
863 4207 1019 4273 cadavera
1041 4205 1158 4268 intacta
1176 4222 1195 4262 a·
1218 4197 1335 4266 cani-r

292 4299 342 4370 bus
361 4329 399 4373 ac
424 4304 604 4373 volturibus
629 4305 721 4372 tabes
742 4304 945 4379 absumebat,
972 4293 1303 4450 satisquqtconstabat
