3359 5092
328 553 374 621 44
535 561 653 620 LIBER
669 559 828 634 XXXXII,
847 561 890 618 20.
903 561 947 617 21.
965 560 1154 630 [aucbffl]

331 721 573 793 sacrificandum
591 731 624 786 et
645 720 679 785 in
698 717 860 805 Capitolio
877 719 1000 785 Romae
1019 729 1051 785 et
1067 719 1101 783 in
1120 717 1347 807 Campaniaad

330 820 499 886 Minervae
519 814 776 902 promunturium
796 814 1032 892 renuntiarunt3
1054 813 1147 879 ludos
1170 816 1345 902 perdecem
1384 899 1385 906 ἵ

330 916 399 981 dies
421 913 492 978 Iovi
516 910 637 997 optimo
662 909 802 973 maximo
829 908 933 995 primo
955 930 1084 993 quoque
1106 909 1160 975 die
1186 909 1344 976 faciendos

295 1033 369 1079 sea
387 1008 493 1075 omnia
515 1028 589 1070 cum
607 1026 685 1070 cura
701 1004 797 1069 facta.
841 1004 1025 1089 haruspices
1047 1004 1082 1068 in
1105 1001 1230 1070 bonum
1252 1025 1344 1071 versu·

329 1127 401 1169 rum
424 1102 457 1167 id
478 1100 677 1187 prodigium,
704 1099 978 1184 prolationemque
1003 1098 1116 1162 finium
1138 1111 1173 1164 et
1198 1100 1344 1165 interitum
1381 1101 1383 1108 '

330 1196 542 1285 perduellium
570 1192 718 1280 portendi
748 1193 995 1278 responderunt,
1030 1193 1117 1277 quod
1145 1216 1187 1258 ex
1217 1194 1343 1260 hostibus

297 1293 432 1379 aspolia
449 1290 586 1355 fuissent
603 1309 642 1353 ea
658 1298 777 1365 rostra,
800 1309 884 1371 quae
900 1298 1073 1373 tempestas
1091 1287 1263 1356 diieoisset,
1306 1307 1343 1354 sc-
1379 1279 1385 1286 ¹

331 1397 494 1453 cesserunt
512 1406 595 1468 quae
614 1384 813 1449 cumularent
834 1383 1005 1469 religiones
1029 1384 1153 1448 animis.
1192 1382 1342 1451 Saturniae
1379 1387 1385 1394 '

329 1482 510 1547 nuntiatum
528 1489 596 1545 erat
614 1476 769 1563 sanguine
786 1500 845 1563 per
862 1478 1004 1544 triduum
1020 1479 1055 1542 in
1072 1478 1193 1565 oppido
1210 1479 1341 1567 pluviae

331 1575 475 1642 Calatiae
493 1575 620 1639 asinum
637 1573 792 1657 tripedem
809 1583 922 1636 natum
936 1585 967 1638 et
984 1582 1112 1637 taurum
1127 1594 1204 1638 cum
1220 1574 1341 1657 quinque
1383 1597 1385 1602 ⁴

331 1669 437 1734 vaccis
460 1689 524 1732 uno
546 1667 612 1731 ictu
635 1666 777 1731 fulminis
803 1668 1016 1744 exanimatos,
1034 1666 1171 1732 Auximi
1189 1678 1275 1733 terra
1289 1666 1341 1753 plu·

297 1764 427 1834 ovisae.
454 1762 570 1827 horum
581 1781 708 1844 quoque
722 1761 941 1845 prodigiorum
951 1782 1107 1827 causares
1117 1760 1248 1827 divinae
1256 1761 1341 1827 facta
1375 1753 1385 1792 ’-

331 1870 364 1924 et
381 1856 571 1943 supplicatio
589 1877 689 1919 unum
707 1855 792 1920 diem
809 1855 971 1939 feriaeque
989 1855 1127 1921 habitae.
1375 1853 1386 1890 '³

299 1976 312 2022 1
395 1950 498 2015 XXI.
526 1947 685 2015 Consules
703 1950 745 2013 ad
761 1950 795 2014 id
812 1961 940 2036 tempus
957 1951 992 2014 in
1008 1949 1209 2037 provinciam
1224 1972 1290 2015 non
1304 1969 1342 2013 ex·

331 2046 445 2122 ierant,
472 2045 548 2128 qnia
570 2065 674 2127 neque
697 2045 745 2109 uti
767 2046 807 2109 de
829 2044 879 2109 M.
897 2045 1036 2131 Popillio
1058 2045 1219 2111 referrent
1240 2039 1343 2111 sensti

331 2140 592 2224 obsequebantur
617 2149 649 2204 et
674 2139 752 2204 nihil
779 2139 867 2204 aliud
894 2140 1064 2206 decernere
1089 2140 1180 2226 prius
1209 2150 1344 2205 stabitur
1380 2145 1385 2201 ’ζ

299 2259 314 2306 2
331 2235 476 2322 patribus
494 2245 571 2300 erat
598 2245 693 2299 aucta
710 2234 806 2299 etiam
822 2234 945 2299 invidia
963 2246 1011 2301 est
1019 2234 1139 2320 Popilli
1155 2235 1271 2302 litteris
1284 2233 1344 2308 eiua
1378 2232 1386 2277 ’ἵ

332 2330 449 2414 quibus
478 2330 596 2395 iterum
627 2351 700 2394 cum
732 2328 955 2396 Statellatibus
980 2329 1159 2415 Liguribus
1192 2323 1345 2416 procomd
1382 2335 1386 2408 ξ

330 2447 493 2512 pugnasse
518 2446 554 2489 se
576 2424 702 2509 scripsit
724 2445 763 2489 ac
786 2423 925 2489 sedecim
945 2424 1034 2488 milia
1057 2445 1170 2488 eorum
1194 2423 1345 2496 occidisse
1383 2431 1386 2462 ·’

330 2531 460 2605 propter
469 2520 561 2584 cuiue
575 2518 725 2584 iniuriam
738 2518 814 2583 belli
828 2518 926 2584 ceteri
939 2539 1066 2602 quoque
1076 2517 1242 2604 Ligurum
1255 2513 1346 2604 popul

297 2615 373 2685 aad
396 2637 486 2679 arma
506 2614 621 2679 ierunt.
665 2625 734 2677 tum
756 2634 832 2677 vero
855 2635 920 2677 non
942 2613 1058 2677 absens
1079 2612 1177 2677 modo
1194 2611 1345 2699 Popillius

331 2709 388 2792 qui
406 2709 522 2773 deditis
540 2719 650 2772 contra
667 2707 717 2771 ius
730 2728 769 2771 ac
786 2707 836 2772 fas
855 2708 974 2773 bellum
992 2707 1150 2773 intulisset
1159 2705 1226 2794 [et]
1235 2717 1346 2794 pacatos

332 2802 374 2865 ad
386 2795 607 2867 rebellandum
620 2801 792 2876 incitasset,
811 2798 869 2867 sed
885 2802 1041 2879 consules,
1060 2802 1148 2886 quod
1161 2824 1231 2867 non
1243 2801 1347 2868 exireat

297 2921 315 2967 4
332 2896 366 2960 in
382 2895 589 2980 provinciam,
606 2896 641 2959 in
658 2906 771 2960 senatu
788 2894 946 2982 increpiti.
977 2894 1040 2961 hoc
1058 2918 1220 2961 consensu
1237 2906 1346 2982 patmn
1384 2901 1386 2929 1

332 2990 458 3056 accensi
474 2989 524 3054 M.
541 2989 687 3055 Marcius
706 2988 821 3056 Sermo
839 3002 871 3056 et
890 2990 932 3073 Q.
951 2990 1095 3056 Marcius
1115 2988 1230 3074 Scylla
1247 2983 1347 3055 tribuni
1382 2990 1386 3030 ⁵

330 3085 433 3172 plebis
451 3096 484 3150 et
507 3084 692 3149 consulibus
713 3086 847 3149 multam
865 3107 899 3150 se
917 3084 1074 3161 dicturos,
1098 3085 1162 3149 nisi
1178 3085 1214 3149 in
1236 3082 1347 3174 provin·

331 3181 414 3246 ciam
432 3180 568 3258 exirent,
593 3180 822 3246 denuntiarimt
838 3191 871 3245 et
893 3181 1106 3266 rogationem,
1130 3202 1231 3264 quam
1249 3181 1287 3245 de
1302 3177 1346 3241 Li·

330 3276 464 3361 guribus
482 3275 597 3342 deditis
614 3275 819 3361 promulgare
836 3274 870 3338 in
888 3276 994 3340 animo
1013 3275 1178 3352 haberent,
1197 3277 1233 3342 in
1250 3287 1347 3341 senatu

298 3370 513 3442 srecitarunt.
556 3369 775 3448 sanciebatur,
803 3371 923 3453 utqui
949 3393 990 3435 ex
1018 3368 1161 3436 Statellis
1189 3370 1301 3436 deditis
1323 3366 1348 3429 ir

330 3463 511 3528 libertatem
532 3465 697 3530 restitutus
719 3478 793 3530 ante
817 3465 965 3530 calendas
990 3463 1128 3531 Sextiles
1156 3467 1277 3551 primas
1297 3482 1348 3527 non

333 3568 426 3633 esset,
445 3558 536 3623 cuius
554 3559 628 3623 dolo
646 3559 732 3624 malo
748 3560 776 3624 is
793 3560 827 3624 in
845 3560 1031 3625 servitutem
1049 3559 1203 3636 venisset,
1227 3571 1264 3625 ut
1279 3560 1349 3623 iura·
1383 3591 1385 3612 ι

331 3666 382 3719 tus
400 3665 530 3719 senatus
548 3654 747 3731 decerneret,
771 3655 826 3739 qui
849 3679 920 3721 eam
938 3678 1005 3721 rem
1027 3667 1197 3740 quaereret
1216 3650 1349 3720 animad-
1379 3683 1386 3754 p

331 3758 541 3832 verteretque.
586 3772 627 3814 ex
644 3750 831 3815 auctoritate
851 3750 966 3816 deinde
984 3761 1114 3816 senatus
1132 3773 1206 3815 eam
1225 3747 1350 3837 rogatio-

297 3867 312 3915 6
331 3866 406 3908 nem
423 3845 676 3929 promulgarunt.
703 3844 890 3931 priusquam
908 3846 1189 3931 proficiscerentur
1207 3844 1351 3916 consules,
1381 3853 1385 3862 '

331 3936 370 4005 C.
389 3936 535 4005 Cicereio
558 3937 728 4028 [praetori]
756 3941 869 4025 prioris
897 3941 973 4005 anni
999 3941 1041 4005 ad
1067 3940 1183 4005 aedem
1210 3941 1352 4005 Bellonae
1383 3995 1386 4016 ,

297 4057 312 4104 t
331 4046 461 4099 senatus
479 4033 572 4098 datus
591 4046 649 4098 est.
693 4035 720 4098 is
738 4035 892 4120 expositis
915 4057 995 4119 quas
1017 4035 1052 4099 in
1070 4032 1205 4100 Corsica
1222 4058 1276 4101 ree
1292 4053 1353 4120 ges·
1380 4029 1386 4110 l

331 4129 437 4206 sisset,
460 4129 687 4215 postulatoque
709 4129 828 4194 frustra
851 4129 1013 4216 triumpho
1034 4129 1069 4193 in
1094 4140 1205 4194 monte
1222 4129 1354 4203 Albano,
1383 4145 1385 4150 ⁴

331 4224 499 4305 quodiam
516 4224 550 4288 in
567 4244 689 4288 morem
704 4235 853 4301 venerat,
874 4235 911 4289 ut
933 4225 1001 4289 sine
1024 4224 1156 4309 publica
1174 4224 1355 4289 auctoritate

297 4335 313 4386 8
331 4316 434 4395 fieret,
461 4318 678 4405 triumphavit
722 4319 921 4405 rogationem
937 4319 1097 4390 Marciam
1119 4319 1161 4385 de
1184 4318 1356 4406 Liguribus
