3359 5092
327 563 349 630 2
385 599 389 607 -
557 560 675 617 LIBER
691 556 836 629 ΧΧΧΧΙ,
856 559 881 613 1.
894 557 921 612 2.
941 555 1124 626 [amabili]

326 722 456 789 navales
475 730 574 787 erant.
618 718 675 803 qui
692 716 830 783 tuendae
849 714 962 801 viginti
979 713 1116 779 navibus
1133 714 1233 779 maris
1250 713 1349 800 superi
1388 751 1390 810 p

327 839 402 883 orae
419 816 590 881 Anconam
607 813 695 879 velut
712 810 874 877 cardinem
891 809 1061 875 haberent:
1079 808 1154 874 inde
1172 808 1214 873 L.
1236 806 1349 875 Corne·

327 911 389 977 lius
415 911 527 975 dextra
548 908 642 973 litora
663 926 767 991 usquo
788 905 829 970 ad
847 904 1038 981 Tarentum,
1066 900 1105 968 C.
1123 902 1245 969 Furius
1266 903 1348 969 laeva

294 1025 431 1089 susque
454 1004 496 1069 ad
512 1001 696 1086 Aquileiam
718 1011 870 1066 tueretur.
914 1021 971 1065 eae
994 1020 1093 1063 naves
1111 998 1154 1063 ad
1175 998 1347 1084 proximum

328 1110 456 1186 portum
482 1098 516 1162 in
532 1095 675 1162 Histriae
696 1095 775 1160 fines
800 1115 875 1159 cum
897 1092 1050 1158 onerariis
1072 1104 1106 1158 et
1130 1114 1251 1179 magno
1273 1114 1348 1157 com·

328 1205 436 1260 meatu
453 1193 578 1268 missae,
597 1199 788 1273 secutusque
802 1210 877 1254 cum
893 1187 1073 1273 legionibus
1087 1188 1198 1253 consul
1217 1188 1347 1272 quinque

295 1289 429 1356 sferme
454 1286 542 1351 milia
564 1309 585 1355 a
605 1284 686 1350 mari
709 1283 817 1369 posuit
842 1293 956 1349 castra
999 1281 1034 1346 in
1059 1292 1154 1367 portu
1180 1281 1347 1368 emporium

329 1381 420 1448 brevi
440 1379 648 1465 perfrequens
665 1377 802 1455 factum,
826 1376 996 1460 omniaque
1013 1375 1088 1440 hinc
1109 1375 1143 1440 in
1161 1387 1269 1442 castra
1284 1374 1348 1441 sub

328 1474 547 1560 portabantur.
592 1481 624 1536 et
645 1492 709 1555 quo
730 1470 765 1536 id
782 1470 881 1535 tutius
899 1470 1004 1548 fieret,
1028 1470 1180 1535 stationes
1199 1470 1242 1535 ab
1260 1468 1349 1535 omni·

297 1588 312 1635 6
330 1567 391 1632 bus
406 1577 582 1631 castrorum
599 1564 743 1649 partibus
758 1563 972 1629 circumdatae
990 1573 1078 1641 sunt3
1095 1563 1130 1627 in
1137 1564 1349 1648 Histriamque

330 1683 459 1725 versum
475 1658 670 1745 praesidium
688 1657 839 1722 stativum
857 1657 1023 1743 repentina
1041 1658 1153 1722 cohors
1171 1658 1351 1725 Placentina

331 1754 477 1841 obposita
493 1754 576 1819 inter
592 1775 680 1819 mare
698 1763 730 1819 et
747 1764 851 1818 castra
869 1763 915 1829 et,
937 1763 974 1817 ut
994 1753 1071 1817 item
1094 1752 1302 1836 aquatoribus
1317 1751 1352 1816 ad

330 1849 466 1915 fluvium
483 1858 568 1914 esset
584 1846 793 1934 praesidium,
811 1846 861 1911 M.
879 1846 1041 1912 Aebutius
1059 1845 1206 1912 tribunus
1225 1847 1353 1912 militum

333 1943 492 2010 secundae
509 1942 643 2028 legionis
661 1942 742 2007 duos
764 1941 943 2027 manipulos
966 1940 1101 2005 militum
1119 1940 1281 2008 adducere
1297 1942 1354 2006 ius-

299 2058 313 2105 7
333 2061 387 2104 sus
405 2048 468 2115 est3
486 2031 526 2101 Τ.
545 2047 577 2103 et
594 2033 633 2101 O.
648 2035 736 2101 Aelii
754 2036 874 2100 tribuni
891 2034 1028 2100 militum
1047 2034 1207 2120 legionem
1225 2037 1354 2110 tertiam,

331 2154 414 2218 quae
431 2131 634 2218 pabulatores
653 2142 686 2196 et
705 2131 878 2217 lignatores
900 2140 1057 2205 tueretur,
1079 2129 1132 2195 via
1154 2151 1240 2215 quae
1258 2129 1356 2215 Aqui-

297 2245 313 2294 8
332 2226 427 2292 leiam
444 2225 506 2292 fert
524 2225 691 2290 duxerant.
727 2225 768 2290 ab
786 2224 899 2290 eadem
916 2224 1046 2310 regione
1063 2224 1150 2290 mille
1168 2225 1273 2292 ferme
1289 2248 1357 2312 pss-

332 2344 426 2386 suum
448 2331 553 2386 castra
575 2333 666 2387 erant
685 2318 867 2398 Gallorum3
891 2318 1056 2385 Catmelus
1078 2339 1136 2403 pro
1157 2322 1273 2406 regulo
1295 2331 1357 2387 erat

331 2414 433 2481 tribus
449 2414 529 2479 haut
546 2414 682 2500 amplius
699 2413 828 2479 milibus
847 2424 1051 2479 armatorum.

299 2529 312 2576 1
394 2510 441 2576 H.
467 2510 586 2588 Histri,
608 2521 646 2575 ut
665 2509 804 2595 primum
828 2509 871 2574 ad
892 2508 998 2573 lacum
1015 2507 1143 2572 Timavi
1165 2520 1272 2575 castra
1288 2518 1357 2573 sunt

331 2606 478 2672 Romana
494 2616 591 2682 mota,
609 2604 671 2690 ipsi
688 2615 761 2689 post
778 2604 892 2669 collem
910 2603 1034 2668 occulto
1052 2602 1123 2667 loco
1136 2604 1356 2680 consederunt,

298 2716 313 2763 a
332 2710 364 2765 et
380 2699 455 2765 inde
473 2699 611 2781 obliquis
628 2697 795 2763 itineribus
813 2720 929 2783 agmen
947 2697 1164 2781 sequebantur
1181 2697 1216 2762 in
1234 2719 1356 2763 omnem

332 2793 532 2858 occasionem
554 2791 682 2868 intenti,
705 2813 765 2856 nec
787 2792 959 2876 quicquam
982 2814 1036 2857 eos
1057 2812 1141 2875 quae
1159 2802 1246 2857 terra
1268 2792 1356 2858 mari·

299 2900 314 2949 8
333 2908 396 2971 que
414 2896 585 2971 agerentur
601 2885 742 2950 fallebat.
768 2898 937 2971 postquam
952 2886 1102 2951 stationes
1119 2886 1280 2952 invalidas
1294 2908 1355 2953 esso

332 3002 390 3067 pro
408 2980 534 3058 castris,
556 2979 662 3044 forum
685 2980 779 3045 turba
799 2981 913 3046 inermi
936 2982 1086 3065 frequens
1108 2980 1190 3045 inter
1209 2993 1314 3047 castra
1328 2990 1355 3047 et

332 3098 421 3142 mare
442 3075 653 3140 mercantium
671 3073 739 3141 sine
756 3075 822 3139 ullo
845 3076 985 3140 terrestri
1003 3087 1058 3140 aut
1079 3074 1239 3141 maritimo
1257 3074 1354 3141 muni·

332 3181 439 3237 mento
453 3168 611 3246 viderunt,
629 3168 693 3233 duo
707 3168 801 3233 simul
815 3170 983 3254 praesidia,
1001 3159 1209 3235 Placentinae
1224 3168 1352 3235 cohortis

298 3279 316 3326 4
334 3277 365 3331 et
382 3264 617 3351 manipulorum
635 3264 794 3329 secundae
812 3264 958 3349 legionis,
977 3263 1218 3349 adgrediuntur.
1244 3263 1352 3331 nebula

334 3357 489 3422 matutina
505 3369 627 3423 texerat
644 3358 822 3443 inceptum3
841 3382 906 3443 qua
924 3358 1084 3423 dilabente
1102 3357 1144 3422 ad
1161 3359 1302 3442 primum
1314 3368 1351 3422 tc·

332 3472 442 3536 porem
457 3450 530 3515 solis
544 3451 710 3535 perlucens
725 3454 789 3517 iam
803 3452 933 3535 aliquid,
950 3452 1070 3518 incerta
1084 3462 1202 3529 tamen,
1221 3464 1258 3518 ut
1272 3453 1349 3525 solet,

333 3546 389 3609 lux
413 3543 552 3629 speciem
573 3544 716 3610 omnium
737 3545 946 3631 multiplicem
968 3545 1104 3611 intuenti
1121 3546 1275 3623 reddens,
1292 3558 1348 3610 tun

334 3658 462 3721 quoque
479 3637 630 3703 frustrata
643 3638 816 3716 Romanos,
834 3640 934 3704 multo
950 3639 1105 3705 maiorem
1121 3639 1160 3704 iis
1178 3661 1277 3724 quam
1293 3646 1348 3703 erat

300 3731 475 3796 shostium
498 3731 600 3797 aciem
623 3733 770 3798 ostendit.
815 3754 880 3817 qua
903 3734 1003 3799 territi
1024 3734 1191 3818 utriusque
1218 3730 1347 3800 stationis

333 3824 449 3891 milites
466 3824 589 3911 ingenti
606 3828 745 3893 tumultu
763 3849 837 3894 curn
854 3828 888 3894 in
906 3841 1010 3895 eastra
1026 3828 1258 3915 confugissent,
1275 3820 1347 3893 haud

333 3919 429 4006 paulo
446 3918 492 3983 ibi
515 3919 588 4007 plus
605 3942 703 4005 quam
720 3923 807 4006 quod
825 3945 935 3989 secum
952 3924 1012 4009 ipsi
1031 3923 1213 3989 adtulerant
1235 3918 1346 3990 terroris

299 4024 316 4079 6
333 4014 488 4079 fecerunt.
523 4037 599 4079 nam
616 4037 720 4101 neque
735 4016 850 4097 dicere,
868 4017 947 4102 quid
963 4018 1131 4105 fugissent,
1148 4040 1210 4084 nec
1228 4036 1347 4105 percun-

334 4106 495 4172 ctantibus
508 4107 642 4175 reddere
652 4131 839 4197 responsum
852 4123 999 4197 poterant
1002 4137 1012 4190 3
1031 4123 1063 4177 et
1072 4113 1192 4179 clamor
1204 4113 1240 4179 in
1252 4108 1347 4200 portis

334 4213 370 4265 ut
387 4202 444 4266 ubi
460 4203 549 4268 nulla
568 4216 651 4271 esset
663 4206 768 4286 statio,
785 4229 869 4292 quae
883 4208 1052 4275 sustineret
1068 4208 1236 4293 impetum,
1254 4202 1348 4273 audie·

336 4293 444 4373 batur;
468 4309 500 4364 et
522 4300 720 4367 concursatio
743 4302 777 4366 in
794 4302 931 4369 obscuro
952 4303 1159 4370 incidentium
1177 4296 1349 4369 auorumin
