3359 5092
500 561 618 618 amaa
635 559 793 632 xxxxn,
813 561 924 618 rs-ao
945 564 983 629 [a.
994 560 1025 618 c.
1035 561 1101 630 ιιι]
1272 547 1315 614 43

277 723 448 814 peditum,
474 732 602 786 centum
630 729 662 784 et
687 717 921 803 qulnquaginta
947 717 1070 802 equites
1095 717 1129 784 in
1152 718 1314 786 Romanas

277 814 482 906 legiones3'
473 838 507 880 m
528 813 678 880 socialem
699 812 877 879 exercitum
899 813 1041 897 quinque
1062 813 1150 880 milia
1170 814 1347 900 peditumt

279 925 314 980 et
333 921 496 977 trecentos
513 907 636 992 equites
652 907 810 992 imperare
829 906 922 973 sociis
939 906 1027 972 iussi.
1071 907 1133 973 hoc
1151 909 1315 994 copiarum

277 1005 315 1074 in
334 1003 514 1090 Hispanias
532 1024 606 1067 cum
622 998 822 1088 praetoribus
839 1001 931 1067 novis
948 1012 1110 1112 portatum
1128 1015 1186 1068 est.

349 1097 504 1164 XVIHI.
530 1095 656 1161 Eodem
678 1116 776 1172 anno,
803 1095 880 1180 quia
900 1118 959 1182 per
980 1096 1229 1183 recognitionem
1250 1095 1316 1161 Po·
1335 1117 1347 1164 1

278 1192 383 1262 stumi
406 1191 544 1257 consulis
566 1212 685 1276 magna
705 1211 780 1274 pars
803 1191 873 1276 agri
891 1187 1064 1278 Campani,
1088 1211 1185 1275 quem
1200 1191 1316 1278 privati

278 1289 353 1356 sine
372 1284 554 1352 discrimine
571 1284 691 1371 passim
711 1284 934 1370 possederant,
955 1296 1143 1371 recuperata
1159 1286 1194 1350 in
1209 1285 1315 1373 publi-

280 1405 360 1450 cum
377 1392 461 1458 erat,
483 1378 532 1444 M.
551 1379 723 1445 Lucretius
745 1378 892 1445 tribunus
914 1380 1017 1466 plebis
1035 1382 1261 1467 promulgavit,
1279 1392 1315 1446 ut

281 1499 402 1565 agnam
421 1473 623 1560 Campanum
641 1495 787 1554 censores
806 1474 978 1541 fruendum
994 1475 1145 1554 locarent,
1163 1476 1250 1560 quod
1266 1474 1348 1541 fat

282 1583 376 1640 ctum
403 1582 451 1636 tot
472 1569 563 1635 annis
584 1581 657 1655 post
679 1580 807 1655 captam
824 1567 973 1658 Capuam
990 1593 1054 1637 non
1078 1571 1198 1650 fuerat,
1223 1583 1260 1638 ut
1281 1573 1315 1637 in

281 1686 389 1735 vacuo
407 1674 579 1751 vagaretur
596 1663 753 1749 cupiditas
770 1664 976 1750 privatorum.

350 1757 438 1826 Cum
460 1754 525 1846 [in]
552 1758 771 1844 expectatione
798 1770 927 1824 senatus
954 1771 1037 1826 esset
1062 1760 1146 1826 bello
1168 1760 1228 1825 etsi
1250 1777 1348 1826 nont

283 1853 417 1932 indicto,
435 1864 542 1919 tamen
559 1852 623 1918 iam
641 1851 779 1931 decreto,
798 1853 855 1937 qui
873 1877 987 1940 regum
1004 1877 1111 1932 suam,
1128 1855 1239 1922 Persei
1258 1857 1314 1940 qui

283 1948 426 2016 secuturi
439 1946 611 2013 amicitiam
620 1958 735 2025 essent,
748 1947 847 2034 legati
855 1948 1046 2027 Ariarathis,
1064 1972 1199 2036 puerum
1213 1949 1313 2015 filium

282 2043 370 2130 regis
389 2063 499 2109 secum
517 2042 722 2119 adducentes,
740 2042 877 2108 Romam
896 2055 1061 2109 venerunt.
1090 2065 1226 2128 quorum
1244 2065 1348 2115 ora-s

283 2137 329 2204 tio
347 2136 420 2214 trit,
438 2158 547 2222 regem
565 2137 764 2203 educendum
781 2137 883 2202 filium
892 2138 1031 2204 Romam
1048 2139 1182 2217 misisse,
1199 2140 1313 2206 utiam

283 2232 359 2299 inde
381 2254 403 2297 a
423 2252 524 2317 puero
546 2232 748 2298 adsuesceret
775 2234 917 2298 moribus
939 2233 1093 2300 Romanis
1117 2235 1314 2301 hominibus-

283 2347 361 2412 que:
380 2336 500 2412 petere,
518 2335 553 2389 ut
571 2347 644 2391 eum
662 2347 727 2391 non
745 2326 805 2391 sub
822 2326 985 2412 hospitum
1003 2327 1099 2393 modo
1116 2329 1346 2413 privatorumt

283 2420 441 2496 custodia,
459 2419 515 2486 sed
532 2419 678 2505 publicae
693 2420 790 2485 etiam
804 2443 900 2486 curae
913 2442 952 2486 ac
966 2419 1053 2487 velut
1065 2422 1183 2488 tutelae
1196 2424 1314 2490 vellent

284 2537 365 2584 esse.
410 2515 538 2602 egregie
557 2538 595 2581 ea
611 2516 729 2602 legatio
746 2528 839 2603 grata
857 2516 982 2582 senatui
999 2516 1074 2594 luia
1093 2515 1311 2595 decreverunt,
1331 2537 1346 2585 6

283 2623 321 2678 ut
336 2608 399 2676 Cn.
415 2609 554 2676 Sicinius
571 2623 699 2696 praetor
717 2611 805 2677 aedis
822 2613 994 2676 instructas
1011 2612 1141 2690 locaret,
1159 2612 1216 2676 ubi
1229 2613 1313 2679 filius

282 2705 369 2792 regis
388 2704 582 2789 comitesque
597 2705 665 2770 eius
679 2706 823 2771 habitare
841 2717 981 2792 possent
1009 2717 1042 2772 et
1051 2706 1212 2772 Threcum
1225 2707 1313 2794 lega·

283 2799 324 2866 tis
342 2797 715 2885 Maedis†cepnatisque
733 2810 765 2866 et
783 2799 859 2865 satis
877 2800 1059 2867 societatem
1077 2800 1312 2886 amicitiamque

283 2892 468 2981 petentibus
481 2904 513 2958 et
527 2893 614 2978 quod
627 2893 779 2978 petebant
788 2895 899 2959 datum
907 2905 966 2974 est,
984 2905 1018 2960 et
1028 2917 1162 2961 munem
1170 2891 1312 2982 [binum]

282 2987 409 3056 milium
422 2988 504 3053 aeris
519 3010 662 3054 summae
674 2989 708 3053 in
722 2988 865 3075 singulos
878 2989 985 3054 missa.
1011 2988 1070 3055 hos
1083 2989 1193 3073 utique
1209 3011 1313 3076 popu·
1331 3009 1345 3055 t

281 3083 343 3162 los,
360 3081 449 3168 quod
466 3081 507 3146 ab
525 3093 615 3168 tergo
632 3081 844 3149 Macedoniae
862 3083 999 3148 Threcia
1017 3095 1110 3160 esset,
1127 3082 1313 3169 adsumptos

282 3177 317 3244 in
341 3176 525 3244 societatem
547 3176 740 3262 gaudebant.
785 3177 841 3243 sed
862 3178 948 3242 utin
966 3177 1048 3243 Asia
1065 3198 1193 3261 quoque
1211 3187 1243 3242 et
1263 3176 1313 3240 in-

284 3272 363 3338 sulis
381 3272 546 3358 explorata
563 3272 670 3337 omnia
687 3285 802 3351 essent,
820 3273 872 3338 Ti.
887 3271 1060 3339 Claudium
1073 3272 1244 3348 Neronem,
1261 3271 1311 3337 M.

283 3365 469 3434 Decimium
483 3366 606 3452 legatos
619 3367 782 3434 miserunt.
810 3368 898 3434 adire
913 3389 968 3434 eos
979 3364 1110 3434 Cretam
1120 3377 1152 3433 et
1160 3366 1312 3433 Rhodum
1329 3384 1345 3434 8

284 3461 456 3539 iusserunt,
470 3461 565 3526 simul
578 3484 731 3530 renovare
745 3463 927 3540 amicitiam,
942 3462 1035 3528 simul
1050 3461 1217 3548 speculari,
1233 3483 1313 3527 num

284 3556 445 3622 sollicitati
462 3555 560 3622 animi
578 3557 736 3623 sociorum
753 3559 795 3624 ab
812 3580 889 3645 rege
907 3556 1028 3624 Perseo
1046 3566 1161 3624 essent.

348 3649 434 3716 XX
460 3651 501 3716 In
532 3674 688 3738 suspensa
720 3652 849 3718 civitate
882 3652 924 3718 ad
954 3651 1208 3737 expectationem
1237 3649 1345 3716 novi1

288 3744 375 3822 belli,
399 3755 555 3810 nocturna
576 3757 764 3832 tempestate
782 3748 932 3812 columna
948 3757 1084 3811 rostrata
1100 3746 1134 3810 in
1151 3742 1311 3831 Capitolio

287 3837 369 3906 bello
377 3840 505 3906 Punico
515 3838 635 3927 [priore
652 3842 757 3928 posita
774 3842 930 3929 operaM.
940 3837 1075 3926 Aemili]
1093 3839 1242 3917 consulis,
1260 3839 1313 3905 cui

289 3933 410 4021 collega
428 3933 498 4001 Ser.
516 3935 651 4001 Fulvius
668 3935 739 4014 fuit,
758 3947 825 4002 tota
843 3935 885 4002 ad
900 3935 1001 4002 imum
1018 3933 1152 4001 fulmine
1170 3934 1312 4000 discussa

289 4040 342 4094 est.
387 4052 426 4094 ea
447 4051 498 4094 res
519 4028 651 4115 prodigi
671 4030 742 4096 loco
764 4029 875 4095 habita
896 4030 938 4096 ad
960 4041 1105 4096 senatum
1126 4029 1226 4095 relata
1247 4036 1345 4103 est32

288 4134 392 4206 patres
419 4134 451 4188 et
478 4120 552 4210 [ad]
582 4123 767 4208 haruspices
793 4124 912 4190 referre
939 4135 971 4190 et
1001 4122 1198 4190 decemviros
1224 4118 1312 4186 adire

288 4211 382 4282 libros
399 4217 570 4283 iusserunt.
597 4217 770 4284 decemviri
787 4219 988 4285 lustrandum
1006 4216 1174 4304 oppidum,
1193 4212 1312 4300 suppli·
1330 4231 1345 4281 3

289 4310 441 4378 tationem
455 4311 770 4398 obsecrationemque
786 4312 977 4390 habendam,
990 4311 1127 4378 victimis
1138 4306 1312 4374 maioribus
