3359 5092
345 531 388 605 tc
549 545 668 604 amna
683 543 843 615 xxxxu,
861 544 903 600 so.
918 545 961 600 51.
982 539 1166 614 [suasae]

313 733 328 782 8
347 703 494 793 antiquos
512 707 633 770 animos
647 702 778 790 regibus
796 701 863 766 suis
877 701 1023 767 videatur
1039 723 1134 787 posse
1150 701 1268 767 facere.
1296 702 1364 767 dum

345 805 488 890 integrae
512 798 576 886 [res
594 800 672 875 sint,
695 794 851 884 statuere]
875 808 953 883 aput
976 798 1119 863 animum
1141 821 1236 864 suum
1253 798 1365 865 Peraea

347 889 473 974 dehere,
490 905 599 961 utmm
618 893 745 979 singula
761 891 965 957 concedendo
978 891 1117 957 nudatus
1135 893 1177 958 ad
1195 904 1362 960 extremum

346 992 461 1079 opibus
488 989 684 1074 extorrisque
709 1007 810 1074 regno
833 985 1087 1053 Samothraciam
1114 987 1251 1054 aliamve
1277 1009 1360 1073 quau

346 1087 483 1152 insulam
500 1095 609 1172 petere
627 1083 669 1148 ab
678 1081 843 1157 Romanis,
860 1081 918 1145 ubi
935 1081 1079 1167 privatus
1097 1093 1260 1169 superstes
1274 1101 1360 1169 regno

313 1200 327 1248 9
348 1198 405 1246 auo
430 1180 465 1245 in
487 1188 673 1264 contemptu
699 1187 795 1259 atque
820 1174 929 1261 inopia
955 1187 1174 1254 consenescat,
1201 1176 1305 1254 malit,
1328 1199 1359 1241 aa

346 1284 487 1341 armatus
500 1272 619 1338 vindex
632 1271 779 1336 fortunae
793 1265 1021 1356 dignitatisque
1039 1292 1126 1348 suae,
1145 1281 1211 1349 aut,
1227 1267 1292 1357 [ut]
1305 1271 1357 1335 viro

346 1365 422 1435 forti
438 1367 573 1455 dignum
591 1367 641 1444 sit,
659 1366 800 1452 patiatur
813 1364 1038 1450 quodcumque
1051 1387 1144 1430 casus
1162 1363 1240 1432 belli
1256 1366 1386 1442 tulerit„

347 1475 403 1529 aut
427 1464 529 1528 victor
549 1461 664 1527 liberet
685 1461 794 1525 orbem
817 1477 973 1524 terrarum
994 1459 1037 1524 ab
1059 1459 1194 1545 imperio
1217 1460 1356 1526 Romano.

296 1578 328 1625 10
345 1578 410 1623 non
445 1578 515 1622 esse
551 1554 768 1624 admirabilius
799 1553 963 1621 Romanos
991 1551 1130 1620 Graecia
1164 1555 1242 1641 pelli
1276 1575 1355 1640 quan

345 1652 561 1718 Hannibalem
583 1649 679 1714 Italia
700 1650 828 1734 pulsum
851 1671 930 1714 esse.
974 1671 1080 1735 neque
1102 1649 1233 1721 hercule
1254 1651 1354 1726 videre,

346 1746 401 1832 qui
433 1744 601 1812 conveniat
631 1743 735 1821 fratri,
771 1743 945 1810 adfectanti
970 1766 1028 1830 per
1053 1744 1203 1810 iniuriam
1229 1766 1354 1832 regnum,
1397 1745 1399 1752 '

346 1863 472 1906 summa
497 1839 530 1904 vi
555 1838 721 1915 restitisse,
748 1838 935 1924 alienigenis
962 1837 1045 1905 bene
1070 1851 1162 1927 parto
1186 1861 1225 1905 eo
1251 1841 1353 1906 cedere
1396 1909 1400 1924 1

297 1953 327 2001 11
346 1946 508 2022 postremo
529 1933 575 2001 ita
600 1929 669 2020 [de]
688 1933 772 1999 bello
797 1943 829 1998 et
851 1954 932 2019 pace
954 1933 1080 2018 quaeri,
1106 1944 1143 1999 ut
1164 1934 1248 2000 inter
1264 1954 1354 2000 omnes
1398 1963 1399 1974 ¹

347 2029 515 2096 conveniat
535 2049 596 2094 nec
617 2028 742 2115 turpius
768 2027 942 2112 quicquam
964 2050 1034 2094 esse
1058 2050 1155 2113 quam
1182 2029 1252 2096 sine
1273 2040 1353 2095 certa·
1395 2047 1400 2126 ζ

346 2123 431 2190 mine
458 2121 590 2189 cessisse
614 2143 729 2209 regno,
761 2145 820 2188 nec
851 2122 1045 2208 praeclarius
1077 2122 1251 2207 quicquam
1276 2141 1352 2209 quam
1397 2135 1400 2208 ξ

345 2239 404 2305 pro
427 2217 581 2304 dignitate
608 2238 647 2283 ac
671 2217 837 2283 maiestate
864 2239 992 2283 omnem
1018 2217 1180 2283 fortunam
1208 2229 1352 2305 expertum
1395 2213 1400 2342 J

346 2335 426 2379 ease.

314 2424 327 2472 1
410 2407 469 2473 LI.
496 2405 621 2484 Pellae,
647 2407 681 2472 in
698 2417 805 2472 vetere
828 2406 918 2492 regia
934 2405 1165 2485 Macedonum,
1192 2407 1254 2474 hoc
1271 2404 1354 2473 cond·
1394 2345 1400 2448 i

346 2502 424 2572 lium
442 2514 520 2569 erat.
565 2508 729 2588 ‘geramus
747 2500 839 2587 ergo’
857 2500 976 2585 inquit,
1000 2501 1063 2568 ‘dis
1080 2501 1162 2567 bene
1179 2501 1353 2575 iuvantibus,
1394 2489 1400 2542 ¹

346 2597 475 2680 quando
491 2597 538 2661 ita
554 2596 694 2673 videtur,
717 2595 867 2673 bellum3'
894 2595 1070 2680 litterisque
1088 2596 1173 2662 circa
1194 2598 1354 2683 praefectos
1391 2561 1400 2652 i

347 2690 484 2756 dimissis
507 2688 629 2760 Citium
648 2725 694 2740 -·
713 2688 927 2755 Macedoniae
954 2689 1108 2776 oppidum
1134 2701 1183 2755 est
1199 2728 1245 2740 —-
1266 2690 1354 2777 copias
1393 2691 1399 2728 ¹

313 2783 450 2849 romnis
473 2783 639 2848 contrahit.
683 2784 752 2869 ipse
776 2796 906 2849 centnm
927 2784 1026 2850 hostis
1048 2781 1203 2850 aacnficio
1226 2785 1356 2873 regaliter

347 2876 527 2953 Minervae,
545 2898 642 2961 quam
660 2890 776 2944 vocant
784 2879 944 2956 Alcidem,
963 2878 1108 2944 confecto
1125 2901 1199 2945 cum
1217 2899 1357 2967 purpura·

347 2981 452 3035 torum
469 2981 502 3036 et
524 2971 696 3036 satellitum
713 2995 811 3037 manu
827 2973 990 3059 profectus
1009 2970 1131 3038 Citium
1148 2986 1207 3039 est.
1254 2997 1291 3042 eo
1306 2974 1356 3038 iam

347 3087 457 3131 omnes
473 3064 691 3132 Macedonum
711 3064 770 3153 [et]
788 3078 991 3133 externorum
1008 3068 1199 3133 auxiliorum
1217 3090 1357 3135 convene

313 3175 328 3223 3
345 3171 418 3225 rant
434 3161 555 3253 copiae.
599 3173 704 3227 castra
721 3173 794 3227 ante
812 3163 926 3227 urbem
942 3163 1032 3248 ponit
1050 3162 1216 3247 omnisque
1235 3174 1358 3230 armatos

344 3255 379 3321 in
404 3277 518 3341 campo
550 3256 678 3331 struxit,
713 3279 838 3321 summa
864 3257 1006 3321 omnium
1036 3256 1252 3343 quadraginta
1284 3252 1356 3345 [tria]

346 3349 434 3415 milia
452 3361 575 3415 armata
591 3351 697 3427 tuere,
721 3372 858 3436 quorum
874 3374 949 3438 pars
971 3350 1072 3416 ferme
1089 3350 1222 3417 dimidia
1240 3353 1359 3440 phalan-

312 3461 329 3507 4
346 3443 432 3529 gitae
449 3454 553 3521 erant,
572 3443 709 3530 Hippias
726 3446 910 3513 Beroeaeus
927 3456 1082 3532 praeerat.
1115 3445 1241 3512 delecta
1258 3444 1358 3514 deinde

347 3547 379 3601 et
396 3536 516 3602 viribus
534 3549 567 3604 et
588 3539 702 3605 robore
725 3541 838 3606 aetatis
861 3540 1006 3606 exomni
1028 3551 1221 3608 cetratorum
1238 3559 1359 3609 numero

348 3630 411 3694 duo
432 3628 547 3718 [milia]
566 3643 671 3711 erant3
694 3655 808 3720 agema
829 3635 913 3700 hanc
934 3635 996 3721 ipsi
1018 3634 1181 3720 legionem
1203 3638 1359 3707 vocabant,

346 3724 524 3809 praefectos
533 3725 673 3792 habebat
681 3727 887 3794 Leonnatum
896 3740 929 3794 et
937 3729 1359 3818 ThrasippumtEulyestas·

312 3838 327 3885 5
347 3830 523 3884 ceterorum
537 3831 737 3900 cetratorum,
752 3823 848 3888 trium
863 3823 964 3889 ferme
978 3824 1101 3890 milium
1115 3823 1293 3903 hominum,
1305 3825 1358 3889 dux

346 3924 413 3978 erat
434 3912 621 4000 Antiphilus
642 3914 834 3983 Edessaeus.
878 3917 1027 3984 Paeones
1054 3929 1086 3983 et
1112 3942 1152 3983 ex
1178 3918 1313 3985 Paroria
1334 3925 1359 3981 et

345 4007 606 4094 Parastrymouia
622 4046 667 4058 -
682 4022 757 4076 sunt
778 4022 886 4078 autem
903 4035 942 4078 ea
964 4012 1035 4077 loca
1053 4012 1197 4079 subiecta
1214 4012 1359 4080 Thraciae

344 4137 389 4150 -
405 4112 436 4167 et
453 4103 629 4189 Agrianes,
653 4104 802 4169 admixtis
819 4105 917 4170 etiam
933 4106 1113 4172 Threcibus
1129 4108 1258 4185 incolis,
1276 4108 1357 4173 trium
1397 4155 1399 4198 ,

311 4216 326 4263 a
344 4198 468 4262 milium
485 4198 586 4264 ferme
604 4209 637 4265 et
657 4198 719 4284 ipsi
741 4200 951 4286 expleverunt
967 4224 1146 4268 numerum.
1192 4207 1357 4269 armaverat
1398 4211 1399 4238 ¹

345 4301 609 4378 contraxeratque
633 4315 687 4359 eos
704 4293 808 4361 Didas
825 4296 952 4373 Paeon,
972 4298 1029 4382 qui
1046 4298 1285 4367 adulescentem
1300 4298 1357 4363 De
1398 4339 1399 4348 κ
