3359 5092
347 529 387 596 12
516 537 633 594 LIBER
649 536 794 608 xxm,
812 536 924 592 12-14.
943 533 1197 605 [amabil-bid]

344 698 416 783 plus
439 695 629 787 septingenti
653 704 710 759 aut
730 694 764 759 in
785 694 905 779 proelio
923 703 980 758 aut
1000 692 1034 758 in
1051 691 1162 759 castris
1178 726 1226 741 -
1242 714 1316 757 nam
1331 715 1360 759 ea
1397 735 1404 744 -

345 813 474 877 quoque
490 802 673 876 expugnata
690 799 825 853 sunt-
841 788 927 872 capti
945 799 977 853 et
995 787 1087 873 sigua
1104 785 1256 852 militaria
1274 809 1360 852 unum

313 899 378 956 eet
403 884 636 970 quinquaginta
664 893 766 968 capta
819 881 975 967 Ligures,
1006 882 1162 966 reliquiae
1188 882 1310 960 caedis,
1336 881 1360 948 in

345 989 467 1044 montes
484 978 672 1062 refugerunt
684 975 866 1060 passimque
885 976 1051 1062 populanti
1068 976 1258 1061 campestris
1281 997 1361 1063 agros

297 1096 329 1143 ro
347 1071 469 1138 consuli
485 1071 574 1136 nulla
590 1090 728 1153 usquam
751 1082 966 1156 apparuerunt
983 1092 1081 1135 arma.
1119 1067 1279 1135 Claudius
1297 1069 1362 1135 dua
1396 1147 1405 1155 ,

345 1189 418 1231 rum
438 1166 584 1251 gentium
604 1182 669 1229 uno
688 1183 771 1227 anno
788 1162 907 1241 victor,
926 1163 1066 1241 duabus,
1084 1164 1173 1247 quod
1189 1186 1265 1230 raro
1284 1164 1362 1239 aliua
1398 1212 1405 1234 s

343 1261 377 1327 in
400 1261 580 1336 consulatu,
606 1252 944 1343 parutis....]tisque
965 1256 1136 1343 provinciis
1159 1258 1302 1326 Romam
1324 1280 1364 1324 rc·
1402 1286 1405 1344 3

344 1354 447 1420 vertit.
1356 1412 1360 1418 .
1403 1409 1405 1421 .

312 1470 324 1517 1
408 1448 508 1513 XIII.
533 1447 689 1533 Prodigia
703 1467 834 1513 eoanno
847 1446 1002 1523 nuntiata,
1015 1443 1364 1514 inCrnstuminoaven
1402 1501 1404 1508 .

345 1542 540 1625 sanqualem,
554 1562 652 1625 quam
665 1551 791 1617 vocant,
804 1562 931 1606 sacrum
944 1540 1084 1626 lapidem
1096 1551 1201 1607 rostro
1212 1543 1365 1618 cecidisse,

313 1657 328 1704 a
346 1637 462 1701 bovem
478 1636 512 1700 in
531 1633 710 1720 Campania
725 1635 881 1712 locutam,
900 1657 1031 1701 vaccam
1049 1658 1184 1701 aeneam
1202 1635 1365 1723 Syracusis

347 1730 388 1795 ab
403 1729 521 1816 agresti
539 1739 640 1806 tauro,
658 1729 715 1813 qui
732 1750 847 1815 pecore
865 1729 1053 1808 aberrasset,
1071 1729 1184 1795 initam
1201 1753 1243 1797 ac
1257 1731 1367 1799 semine

312 1844 327 1892 3
346 1847 517 1910 aspersam.
561 1824 596 1889 in
614 1820 820 1889 Crustumino
845 1824 929 1889 diem
946 1846 1047 1889 unum
1068 1823 1190 1909 inipso
1207 1825 1283 1891 loco
1301 1848 1368 1911 sup

345 1917 474 2003 plicatio
492 1917 553 1982 fuit
571 1928 602 1983 et
619 1917 654 1981 in
668 1915 847 2001 Campania
864 1917 923 1983 bos
941 1917 1056 1983 alenda
1073 1918 1202 2003 publice
1221 1919 1299 1985 data
1314 1918 1368 2004 Sy·

346 2033 601 2096 racusanumque
615 2010 797 2097 prodigium
810 2011 973 2097 expiatum
987 2011 1079 2078 editis
1093 2012 1135 2076 ab
1149 2010 1368 2099 haruspicibus

346 2105 405 2183 dis,
423 2105 539 2188 quibus
558 2106 798 2192 supplicaretur.
1403 2191 1404 2196 ἵ

312 2222 328 2267 4
411 2199 563 2265 Pontifex
581 2220 619 2265 eo
638 2221 721 2264 anno
738 2210 883 2266 mortuus
901 2210 949 2265 est
962 2200 1011 2265 Μ.
1023 2196 1180 2266 Claudius
1188 2200 1368 2276 Marcellus,
1401 2277 1404 2284 Ι

345 2292 401 2378 qui
427 2293 537 2359 consul
563 2314 738 2376 censorque
764 2293 878 2359 fuerat.
927 2294 962 2358 in
988 2294 1057 2361 eius
1083 2294 1192 2359 locum
1218 2294 1368 2361 suffectus

346 2398 394 2453 est
410 2386 555 2474 pontifex
571 2386 655 2451 filius
674 2386 742 2451 eius
760 2387 809 2452 M.
826 2386 1012 2452 Marcellus.
1049 2399 1082 2453 et
1099 2386 1232 2453 Lunam
1252 2387 1369 2456 colonia

345 2481 458 2547 eodem
475 2503 559 2546 anno
577 2481 641 2545 duo
659 2480 746 2546 milia
764 2481 882 2546 civium
895 2481 1114 2547 Romanorum
1131 2493 1208 2548 sunt
1225 2482 1368 2549 deducta.

312 2599 327 2647 5
345 2575 500 2640 triumviri
518 2575 718 2642 deduxerunt
734 2573 774 2639 P.
792 2574 922 2652 Aelius,
941 2573 1005 2661 [M.
1023 2572 1199 2661 Aemilius]
1218 2576 1367 2663 Lepidus,

346 2668 407 2735 Cn.
427 2669 582 2746 Sicinium
606 2669 832 2755 quinquagena
851 2681 883 2735 et
905 2669 1031 2756 singula
1047 2670 1159 2756 iugera
1177 2681 1210 2736 et
1227 2672 1367 2738 semisses

346 2766 417 2850 agri
432 2765 466 2829 in
484 2765 627 2849 singulos
645 2764 711 2829 dati
729 2775 812 2830 sunt.
841 2765 881 2832 de
890 2765 1068 2852 Liguribus
1086 2777 1198 2851 captus
1218 2764 1279 2853 [is]
1298 2787 1367 2852 ager

345 2870 428 2936 erat3
446 2857 655 2924 Etruscorum
673 2868 747 2924 ante
764 2880 862 2943 quarn
879 2860 1040 2945 Ligurum
1057 2859 1172 2926 fuerat.
1403 2863 1404 2870 ’

313 2971 327 3019 6
412 2951 451 3018 C.
471 2949 627 3018 Claudius
645 2952 756 3018 consul
778 2953 820 3018 ad
837 2955 951 3020 urbem
972 2954 1074 3031 venit3
1098 2955 1161 3031 cui,
1180 2976 1256 3019 cum
1274 2955 1308 3020 in
1324 2975 1366 3018 se·

344 3059 424 3113 natu
450 3046 490 3113 de
515 3047 611 3113 rebus
633 3047 668 3112 in
689 3047 813 3113 Histria
830 3047 1071 3134 Liguribusque
1099 3069 1252 3135 prospere
1275 3048 1364 3135 gestis

346 3140 592 3229 [dissensisset],
610 3141 784 3227 postulanti
801 3142 982 3227 triumphus
1000 3153 1049 3208 est
1066 3142 1224 3208 decretus.
1262 3144 1363 3209 trium·

312 3256 327 3303 t
345 3237 456 3323 phavit
472 3237 507 3303 in
522 3236 712 3323 magistratu
730 3236 770 3302 de
788 3236 914 3302 duabus
932 3236 1026 3301 simul
1043 3236 1203 3322 gentibus.
1250 3236 1362 3305 tulitin

346 3353 384 3397 eo
402 3330 562 3416 triumpho
580 3331 746 3397 denarium
768 3341 909 3396 trecenta
925 3330 1014 3395 milia
1030 3341 1153 3416 septem
1171 3340 1204 3395 et
1226 3330 1362 3397 victoria·

346 3428 413 3489 tum
429 3425 590 3510 octoginta
606 3425 747 3509 quinque
765 3425 853 3490 milia
867 3426 1084 3511 septingentos
1099 3424 1190 3491 duos.
1219 3426 1361 3492 militibus

345 3517 379 3581 in
407 3517 548 3603 singulos
573 3518 662 3602 quini
689 3519 763 3585 deni
788 3518 898 3585 denari
924 3519 1005 3596 dati,
1038 3519 1158 3604 duplex
1185 3516 1360 3591 centurioni

312 3630 328 3679 8
346 3610 462 3696 triplex
479 3611 586 3695 equiti.
615 3611 707 3677 sociis
726 3612 857 3678 dimidio
872 3614 977 3679 minus
995 3634 1092 3698 quam
1110 3614 1235 3680 civibus
1254 3616 1360 3681 datum

345 3705 454 3789 itaque
471 3703 570 3783 taciti,
586 3716 623 3771 ut
638 3706 736 3771 iratos
753 3728 823 3773 esse
841 3707 985 3785 sentires,
1003 3707 1105 3773 secuti
1123 3720 1198 3773 sunt
1216 3730 1350 3775 currum

315 3820 328 3866 1
411 3799 530 3864 XIIII.
564 3796 649 3865 Cum
675 3800 702 3866 is
729 3800 909 3887 triumphus
936 3801 976 3868 de
1002 3802 1179 3888 Liguribus
1207 3805 1363 3890 agebatur,

346 3893 486 3979 Ligures
504 3905 672 3978 postquam
692 3906 860 3961 senserunt
876 3917 942 3961 non
959 3897 1157 3962 consularem
1175 3908 1302 3964 tantum
1318 3920 1365 3964 ex·

347 3987 480 4054 ercitum
497 3988 634 4054 Romam
652 3989 836 4067 abductum,
855 3990 912 4055 sed
928 3990 1087 4076 legionem
1104 3992 1146 4056 ab
1163 3991 1215 4056 Ti.
1236 3990 1367 4059 Claudio

313 4103 328 4151 a
346 4082 430 4150 Pisis
449 4083 626 4162 dimissam,
653 4085 749 4152 soluti
764 4096 869 4162 metu,
896 4084 979 4150 clam
996 4086 1138 4151 exercitu
1154 4085 1291 4165 indicto,
1317 4108 1369 4174 per

346 4189 542 4245 transversos
572 4179 688 4248 limites
720 4180 877 4267 superatis
907 4180 1069 4246 montibus
1098 4180 1132 4245 in
1159 4202 1292 4267 campos
1319 4182 1370 4247 de-

346 4273 462 4357 gressi,
490 4295 604 4360 agnun
630 4273 849 4340 Mutinensem
875 4273 1033 4361 populati,
1058 4275 1224 4360 repentino
1251 4276 1373 4363 impetu
