<?xml version="1.0" encoding="UTF-8"?>
<!DOCTYPE html PUBLIC "-//W3C//DTD XHTML 1.0 Transitional//EN"
    "http://www.w3.org/TR/xhtml1/DTD/xhtml1-transitional.dtd">
<html xmlns="http://www.w3.org/1999/xhtml" xml:lang="en" lang="en">
 <head>
  <title>
</title>
<meta http-equiv="Content-Type" content="text/html;charset=utf-8" />
  <meta name='ocr-system' content='tesseract 3.04.00' />
  <meta name='ocr-capabilities' content='ocr_page ocr_carea ocr_par ocr_line ocrx_word'/>
</head>
<body>
  <div class='ocr_page' id='page_1' title='image "./titiliviaburbec02weisgoog_0180.png"; bbox 0 0 3359 5092; ppageno 0'>
   <div class='ocr_carea' id='block_1_1' title="bbox 344 533 1165 609">
    <p class='ocr_par' dir='ltr' id='par_1_1' title="bbox 344 533 1165 609">
     <span class='ocr_line' id='line_1_1' title="bbox 344 533 1165 609; baseline -0.009 -9"><span class='ocrx_word' id='word_1_1' title='bbox 344 533 408 600; x_wconf 85' lang='grc'>106</span> <span class='ocrx_word' id='word_1_2' title='bbox 538 541 656 600; x_wconf 81' lang='lat' dir='ltr'><strong>LIBER</strong></span> <span class='ocrx_word' id='word_1_3' title='bbox 671 539 846 609; x_wconf 85' lang='lat' dir='ltr'>XXXXIII,</span> <span class='ocrx_word' id='word_1_4' title='bbox 863 539 907 594; x_wconf 81' lang='lat'>22.</span> <span class='ocrx_word' id='word_1_5' title='bbox 920 538 963 594; x_wconf 76' lang='lat'>23.</span> <span class='ocrx_word' id='word_1_6' title='bbox 982 537 1165 607; x_wconf 54' lang='grc' dir='ltr'>[ηοω]</span> 
     </span>
    </p>
   </div>
   <div class='ocr_carea' id='block_1_2' title="bbox 262 695 1391 3994">
    <p class='ocr_par' dir='ltr' id='par_1_2' title="bbox 344 695 1350 778">
     <span class='ocr_line' id='line_1_2' title="bbox 344 695 1350 778; baseline -0.01 -9"><span class='ocrx_word' id='word_1_7' title='bbox 344 703 459 770; x_wconf 87' lang='lat' dir='ltr'>deinde</span> <span class='ocrx_word' id='word_1_8' title='bbox 481 723 554 766; x_wconf 89' lang='lat' dir='ltr'>curn</span> <span class='ocrx_word' id='word_1_9' title='bbox 576 700 705 765; x_wconf 87' lang='lat' dir='ltr'>fortuna</span> <span class='ocrx_word' id='word_1_10' title='bbox 725 697 832 762; x_wconf 85' lang='lat' dir='ltr'>animo</span> <span class='ocrx_word' id='word_1_11' title='bbox 854 695 1007 762; x_wconf 83' lang='lat' dir='ltr'>Romanis</span> <span class='ocrx_word' id='word_1_12' title='bbox 1030 718 1080 772; x_wconf 91' lang='lat' dir='ltr'>se,</span> <span class='ocrx_word' id='word_1_13' title='bbox 1107 695 1260 762; x_wconf 82' lang='lat' dir='ltr'>adversus</span> <span class='ocrx_word' id='word_1_14' title='bbox 1284 715 1350 778; x_wconf 89' lang='lat' dir='ltr'>quos</span> 
     </span>
    </p>

    <p class='ocr_par' dir='ltr' id='par_1_3' title="bbox 312 788 1354 970">
     <span class='ocr_line' id='line_1_3' title="bbox 312 788 1352 876; baseline -0.016 -7"><span class='ocrx_word' id='word_1_15' title='bbox 312 821 326 869; x_wconf 84' lang='grc'>6</span> <span class='ocrx_word' id='word_1_16' title='bbox 344 807 489 873; x_wconf 85' lang='lat' dir='ltr'>venerat,</span> <span class='ocrx_word' id='word_1_17' title='bbox 506 794 657 859; x_wconf 86' lang='lat' dir='ltr'>iunxisse.</span> <span class='ocrx_word' id='word_1_18' title='bbox 702 814 761 857; x_wconf 89' lang='lat' dir='ltr'>nec</span> <span class='ocrx_word' id='word_1_19' title='bbox 778 790 935 876; x_wconf 83' lang='lat' dir='ltr'>Popillius</span> <span class='ocrx_word' id='word_1_20' title='bbox 958 789 1098 856; x_wconf 81' lang='lat' dir='ltr'><strong>securior</strong></span> <span class='ocrx_word' id='word_1_21' title='bbox 1115 812 1213 873; x_wconf 93' lang='lat' dir='ltr'>quam</span> <span class='ocrx_word' id='word_1_22' title='bbox 1231 788 1352 854; x_wconf 79' lang='lat' dir='ltr'>debebat</span> 
     </span>
     <span class='ocr_line' id='line_1_4' title="bbox 344 884 1354 970; baseline -0.012 -12"><span class='ocrx_word' id='word_1_23' title='bbox 344 915 413 959; x_wconf 88' lang='lat' dir='ltr'>esse</span> <span class='ocrx_word' id='word_1_24' title='bbox 430 892 511 954; x_wconf 90' lang='lat' dir='ltr'>inter</span> <span class='ocrx_word' id='word_1_25' title='bbox 528 900 594 953; x_wconf 89' lang='lat' dir='ltr'>tam</span> <span class='ocrx_word' id='word_1_26' title='bbox 607 887 737 951; x_wconf 90' lang='lat' dir='ltr'>mobilia</span> <span class='ocrx_word' id='word_1_27' title='bbox 754 884 884 970; x_wconf 85' lang='lat' dir='ltr'>ingenia</span> <span class='ocrx_word' id='word_1_28' title='bbox 902 897 978 950; x_wconf 89' lang='lat' dir='ltr'>erat.</span> <span class='ocrx_word' id='word_1_29' title='bbox 1005 885 1111 949; x_wconf 90' lang='lat' dir='ltr'>claves</span> <span class='ocrx_word' id='word_1_30' title='bbox 1129 894 1293 969; x_wconf 85' lang='lat' dir='ltr'>portarum</span> <span class='ocrx_word' id='word_1_31' title='bbox 1308 905 1354 947; x_wconf 92' lang='lat' dir='ltr'>cu·</span> 
     </span>
    </p>

    <p class='ocr_par' dir='ltr' id='par_1_4' title="bbox 313 976 1391 1158">
     <span class='ocr_line' id='line_1_5' title="bbox 313 976 1355 1069; baseline -0.013 -14"><span class='ocrx_word' id='word_1_32' title='bbox 313 1011 325 1056; x_wconf 81' lang='lat'><strong>7</strong></span> <span class='ocrx_word' id='word_1_33' title='bbox 346 986 544 1069; x_wconf 89' lang='lat' dir='ltr'>stodiamque</span> <span class='ocrx_word' id='word_1_34' title='bbox 560 1004 723 1048; x_wconf 91' lang='lat' dir='ltr'>murorum</span> <span class='ocrx_word' id='word_1_35' title='bbox 742 1003 819 1045; x_wconf 90' lang='lat' dir='ltr'>suae</span> <span class='ocrx_word' id='word_1_36' title='bbox 836 980 997 1065; x_wconf 87' lang='lat' dir='ltr'>extemplo</span> <span class='ocrx_word' id='word_1_37' title='bbox 1014 978 1180 1063; x_wconf 83' lang='lat' dir='ltr'>potestatis</span> <span class='ocrx_word' id='word_1_38' title='bbox 1196 978 1288 1055; x_wconf 85' lang='lat' dir='ltr'>fecit,</span> <span class='ocrx_word' id='word_1_39' title='bbox 1304 976 1355 1041; x_wconf 91' lang='lat' dir='ltr'>Di·</span> 
     </span>
     <span class='ocr_line' id='line_1_6' title="bbox 344 1071 1391 1158; baseline -0.011 -11"><span class='ocrx_word' id='word_1_40' title='bbox 344 1080 497 1147; x_wconf 89' lang='lat' dir='ltr'>narchum</span> <span class='ocrx_word' id='word_1_41' title='bbox 511 1077 708 1158; x_wconf 79' lang='lat' dir='ltr'><strong>Aetolosque</strong></span> <span class='ocrx_word' id='word_1_42' title='bbox 727 1096 800 1139; x_wconf 92' lang='lat' dir='ltr'>cum</span> <span class='ocrx_word' id='word_1_43' title='bbox 820 1073 986 1140; x_wconf 88' lang='lat' dir='ltr'>iuventute</span> <span class='ocrx_word' id='word_1_44' title='bbox 1001 1071 1193 1138; x_wconf 78' lang='lat' dir='ltr'>Stratiorum</span> <span class='ocrx_word' id='word_1_45' title='bbox 1210 1072 1245 1136; x_wconf 90' lang='lat' dir='ltr'>in</span> <span class='ocrx_word' id='word_1_46' title='bbox 1262 1093 1355 1136; x_wconf 89' lang='lat' dir='ltr'>arcem</span> <span class='ocrx_word' id='word_1_47' title='bbox 1390 1097 1391 1104; x_wconf 47' lang='lat'>¹</span> 
     </span>
    </p>

    <p class='ocr_par' dir='ltr' id='par_1_5' title="bbox 311 1166 1391 1539">
     <span class='ocr_line' id='line_1_7' title="bbox 311 1166 1391 1262; baseline -0.009 -21"><span class='ocrx_word' id='word_1_48' title='bbox 311 1198 401 1262; x_wconf 87' lang='lat' dir='ltr'>sper</span> <span class='ocrx_word' id='word_1_49' title='bbox 417 1171 566 1259; x_wconf 88' lang='lat' dir='ltr'>praesidii</span> <span class='ocrx_word' id='word_1_50' title='bbox 583 1170 723 1255; x_wconf 88' lang='lat' dir='ltr'>speciem</span> <span class='ocrx_word' id='word_1_51' title='bbox 740 1169 869 1234; x_wconf 79' lang='lat' dir='ltr'>amovit</span> <span class='ocrx_word' id='word_1_52' title='bbox 915 1167 1052 1233; x_wconf 90' lang='lat' dir='ltr'>Perseus</span> <span class='ocrx_word' id='word_1_53' title='bbox 1070 1167 1112 1232; x_wconf 90' lang='lat' dir='ltr'>ab</span> <span class='ocrx_word' id='word_1_54' title='bbox 1126 1166 1355 1232; x_wconf 70' lang='lat' dir='ltr'>imminentibus</span> <span class='ocrx_word' id='word_1_55' title='bbox 1390 1197 1391 1206; x_wconf 47' lang='lat'>¹</span> 
     </span>
     <span class='ocr_line' id='line_1_8' title="bbox 343 1261 1356 1355; baseline -0.009 -21"><span class='ocrx_word' id='word_1_56' title='bbox 343 1266 498 1355; x_wconf 79' lang='lat' dir='ltr'>superiori</span> <span class='ocrx_word' id='word_1_57' title='bbox 522 1264 606 1349; x_wconf 86' lang='lat' dir='ltr'>parti</span> <span class='ocrx_word' id='word_1_58' title='bbox 632 1263 719 1328; x_wconf 91' lang='lat' dir='ltr'>urbis</span> <span class='ocrx_word' id='word_1_59' title='bbox 742 1262 872 1327; x_wconf 89' lang='lat' dir='ltr'>tumulis</span> <span class='ocrx_word' id='word_1_60' title='bbox 900 1261 1061 1346; x_wconf 87' lang='lat' dir='ltr'>temptatis</span> <span class='ocrx_word' id='word_1_61' title='bbox 1087 1261 1268 1345; x_wconf 79' lang='lat' dir='ltr'>conloquia,</span> <span class='ocrx_word' id='word_1_62' title='bbox 1294 1282 1356 1325; x_wconf 86' lang='lat' dir='ltr'>cun</span> 
     </span>
     <span class='ocr_line' id='line_1_9' title="bbox 345 1355 1356 1449; baseline -0.007 -22"><span class='ocrx_word' id='word_1_63' title='bbox 345 1362 521 1449; x_wconf 88' lang='lat' dir='ltr'>opstinatos</span> <span class='ocrx_word' id='word_1_64' title='bbox 536 1369 632 1442; x_wconf 87' lang='lat' dir='ltr'>atque</span> <span class='ocrx_word' id='word_1_65' title='bbox 645 1358 741 1422; x_wconf 85' lang='lat' dir='ltr'>etiam</span> <span class='ocrx_word' id='word_1_66' title='bbox 758 1358 829 1422; x_wconf 89' lang='lat' dir='ltr'>telis</span> <span class='ocrx_word' id='word_1_67' title='bbox 847 1356 958 1442; x_wconf 92' lang='lat' dir='ltr'>procul</span> <span class='ocrx_word' id='word_1_68' title='bbox 976 1355 1111 1422; x_wconf 89' lang='lat' dir='ltr'>arcentis</span> <span class='ocrx_word' id='word_1_69' title='bbox 1126 1356 1260 1434; x_wconf 90' lang='lat' dir='ltr'>videret,</span> <span class='ocrx_word' id='word_1_70' title='bbox 1276 1356 1356 1440; x_wconf 89' lang='lat' dir='ltr'>quin·</span> 
     </span>
     <span class='ocr_line' id='line_1_10' title="bbox 343 1448 1355 1539; baseline -0.007 -18"><span class='ocrx_word' id='word_1_71' title='bbox 343 1478 406 1539; x_wconf 89' lang='lat' dir='ltr'>que</span> <span class='ocrx_word' id='word_1_72' title='bbox 423 1454 510 1518; x_wconf 90' lang='lat' dir='ltr'>milia</span> <span class='ocrx_word' id='word_1_73' title='bbox 527 1457 656 1538; x_wconf 80' lang='lat' dir='ltr'>passttm</span> <span class='ocrx_word' id='word_1_74' title='bbox 674 1451 715 1515; x_wconf 90' lang='lat' dir='ltr'>ab</span> <span class='ocrx_word' id='word_1_75' title='bbox 733 1452 813 1516; x_wconf 87' lang='lat' dir='ltr'>urbe</span> <span class='ocrx_word' id='word_1_76' title='bbox 831 1462 918 1516; x_wconf 83' lang='lat' dir='ltr'>trans</span> <span class='ocrx_word' id='word_1_77' title='bbox 927 1449 1105 1516; x_wconf 88' lang='lat' dir='ltr'>Petitarum</span> <span class='ocrx_word' id='word_1_78' title='bbox 1118 1472 1246 1515; x_wconf 90' lang='lat' dir='ltr'>amnem</span> <span class='ocrx_word' id='word_1_79' title='bbox 1263 1448 1355 1536; x_wconf 79' lang='lat' dir='ltr'>posuit</span> 
     </span>
    </p>

    <p class='ocr_par' dir='ltr' id='par_1_6' title="bbox 312 1544 1355 1824">
     <span class='ocr_line' id='line_1_11' title="bbox 312 1544 1355 1631; baseline -0.006 -17"><span class='ocrx_word' id='word_1_80' title='bbox 312 1574 325 1621; x_wconf 78' lang='lat' dir='ltr'>o</span> <span class='ocrx_word' id='word_1_81' title='bbox 345 1561 456 1615; x_wconf 87' lang='lat' dir='ltr'>castra.</span> <span class='ocrx_word' id='word_1_82' title='bbox 501 1547 547 1611; x_wconf 90' lang='lat' dir='ltr'>ibi</span> <span class='ocrx_word' id='word_1_83' title='bbox 568 1546 699 1612; x_wconf 92' lang='lat' dir='ltr'>oonsilio</span> <span class='ocrx_word' id='word_1_84' title='bbox 721 1546 877 1611; x_wconf 88' lang='lat' dir='ltr'>advocato</span> <span class='ocrx_word' id='word_1_85' title='bbox 896 1568 969 1611; x_wconf 94' lang='lat' dir='ltr'>cum</span> <span class='ocrx_word' id='word_1_86' title='bbox 986 1544 1201 1610; x_wconf 81' lang='lat' dir='ltr'>Archidamus</span> <span class='ocrx_word' id='word_1_87' title='bbox 1220 1544 1355 1631; x_wconf 84' lang='lat' dir='ltr'>Epirota·</span> 
     </span>
     <span class='ocr_line' id='line_1_12' title="bbox 343 1639 1354 1726; baseline -0.007 -18"><span class='ocrx_word' id='word_1_88' title='bbox 343 1665 478 1726; x_wconf 89' lang='lat' dir='ltr'>rumque</span> <span class='ocrx_word' id='word_1_89' title='bbox 496 1641 680 1726; x_wconf 73' lang='lat' dir='ltr'>transfugae</span> <span class='ocrx_word' id='word_1_90' title='bbox 694 1640 875 1717; x_wconf 83' lang='lat' dir='ltr'>retinerent,</span> <span class='ocrx_word' id='word_1_91' title='bbox 893 1640 1110 1705; x_wconf 80' lang='lat' dir='ltr'>Macedonum</span> <span class='ocrx_word' id='word_1_92' title='bbox 1126 1639 1286 1725; x_wconf 81' lang='lat' dir='ltr'>principes</span> <span class='ocrx_word' id='word_1_93' title='bbox 1302 1660 1354 1701; x_wconf 90' lang='lat' dir='ltr'>non</span> 
     </span>
     <span class='ocr_line' id='line_1_13' title="bbox 344 1732 1354 1824; baseline -0.002 -24"><span class='ocrx_word' id='word_1_94' title='bbox 344 1736 553 1824; x_wconf 81' lang='lat' dir='ltr'>pugnandum</span> <span class='ocrx_word' id='word_1_95' title='bbox 575 1757 648 1800; x_wconf 91' lang='lat' dir='ltr'>cum</span> <span class='ocrx_word' id='word_1_96' title='bbox 670 1734 786 1800; x_wconf 87' lang='lat' dir='ltr'>infesto</span> <span class='ocrx_word' id='word_1_97' title='bbox 809 1746 951 1821; x_wconf 87' lang='lat' dir='ltr'>ternpore</span> <span class='ocrx_word' id='word_1_98' title='bbox 974 1733 1049 1799; x_wconf 84' lang='lat' dir='ltr'>anni</span> <span class='ocrx_word' id='word_1_99' title='bbox 1066 1744 1248 1810; x_wconf 84' lang='lat' dir='ltr'>censerent,</span> <span class='ocrx_word' id='word_1_100' title='bbox 1274 1732 1354 1798; x_wconf 88' lang='lat' dir='ltr'>nullis</span> 
     </span>
    </p>

    <p class='ocr_par' dir='ltr' id='par_1_7' title="bbox 295 1826 1355 2104">
     <span class='ocr_line' id='line_1_14' title="bbox 295 1826 1353 1918; baseline -0.006 -22"><span class='ocrx_word' id='word_1_101' title='bbox 295 1855 326 1902; x_wconf 92' lang='lat'>10</span> <span class='ocrx_word' id='word_1_102' title='bbox 344 1830 539 1918; x_wconf 89' lang='lat' dir='ltr'>praeparatis</span> <span class='ocrx_word' id='word_1_103' title='bbox 562 1827 805 1906; x_wconf 85' lang='lat' dir='ltr'>commeatibus,</span> <span class='ocrx_word' id='word_1_104' title='bbox 833 1851 907 1893; x_wconf 93' lang='lat' dir='ltr'>cum</span> <span class='ocrx_word' id='word_1_105' title='bbox 924 1828 1064 1913; x_wconf 90' lang='lat' dir='ltr'>inopiam</span> <span class='ocrx_word' id='word_1_106' title='bbox 1081 1826 1170 1913; x_wconf 91' lang='lat' dir='ltr'>prius</span> <span class='ocrx_word' id='word_1_107' title='bbox 1188 1827 1353 1892; x_wconf 84' lang='lat' dir='ltr'>obsidentes</span> 
     </span>
     <span class='ocr_line' id='line_1_15' title="bbox 344 1919 1354 2008; baseline -0.006 -19"><span class='ocrx_word' id='word_1_108' title='bbox 344 1947 440 2008; x_wconf 91' lang='lat' dir='ltr'>quam</span> <span class='ocrx_word' id='word_1_109' title='bbox 459 1923 579 1989; x_wconf 86' lang='lat' dir='ltr'>obsessi</span> <span class='ocrx_word' id='word_1_110' title='bbox 598 1923 722 1988; x_wconf 90' lang='lat' dir='ltr'>sensuri</span> <span class='ocrx_word' id='word_1_111' title='bbox 739 1934 854 2000; x_wconf 84' lang='lat' dir='ltr'>essent,</span> <span class='ocrx_word' id='word_1_112' title='bbox 873 1922 1011 1987; x_wconf 87' lang='lat' dir='ltr'>maxime</span> <span class='ocrx_word' id='word_1_113' title='bbox 1029 1921 1116 2006; x_wconf 94' lang='lat' dir='ltr'>quod</span> <span class='ocrx_word' id='word_1_114' title='bbox 1133 1921 1274 1986; x_wconf 88' lang='lat' dir='ltr'>hostium</span> <span class='ocrx_word' id='word_1_115' title='bbox 1290 1919 1354 1985; x_wconf 85' lang='lat' dir='ltr'>haut</span> 
     </span>
     <span class='ocr_line' id='line_1_16' title="bbox 344 2016 1355 2104; baseline -0.003 -21"><span class='ocrx_word' id='word_1_116' title='bbox 344 2019 455 2104; x_wconf 90' lang='lat' dir='ltr'>procul</span> <span class='ocrx_word' id='word_1_117' title='bbox 471 2018 546 2083; x_wconf 93' lang='lat' dir='ltr'>inde</span> <span class='ocrx_word' id='word_1_118' title='bbox 563 2016 696 2082; x_wconf 88' lang='lat' dir='ltr'>hiberna</span> <span class='ocrx_word' id='word_1_119' title='bbox 714 2029 816 2094; x_wconf 88' lang='lat' dir='ltr'>erant,</span> <span class='ocrx_word' id='word_1_120' title='bbox 841 2018 968 2082; x_wconf 88' lang='lat' dir='ltr'>territus</span> <span class='ocrx_word' id='word_1_121' title='bbox 985 2017 1019 2082; x_wconf 90' lang='lat' dir='ltr'>in</span> <span class='ocrx_word' id='word_1_122' title='bbox 1036 2016 1249 2101; x_wconf 85' lang='lat' dir='ltr'>Aperantiam</span> <span class='ocrx_word' id='word_1_123' title='bbox 1267 2025 1355 2081; x_wconf 86' lang='lat' dir='ltr'>castra</span> 
     </span>
    </p>

    <p class='ocr_par' dir='ltr' id='par_1_8' title="bbox 295 2110 1356 2482">
     <span class='ocr_line' id='line_1_17' title="bbox 295 2110 1355 2197; baseline -0.007 -16"><span class='ocrx_word' id='word_1_124' title='bbox 295 2135 325 2184; x_wconf 86' lang='lat'>11</span> <span class='ocrx_word' id='word_1_125' title='bbox 344 2113 453 2177; x_wconf 83' lang='lat' dir='ltr'>movit.</span> <span class='ocrx_word' id='word_1_126' title='bbox 495 2112 654 2197; x_wconf 87' lang='lat' dir='ltr'>Aperanti</span> <span class='ocrx_word' id='word_1_127' title='bbox 671 2135 745 2176; x_wconf 92' lang='lat' dir='ltr'>eum</span> <span class='ocrx_word' id='word_1_128' title='bbox 762 2122 893 2197; x_wconf 87' lang='lat' dir='ltr'>propter</span> <span class='ocrx_word' id='word_1_129' title='bbox 909 2110 1097 2176; x_wconf 85' lang='lat' dir='ltr'>Archidami</span> <span class='ocrx_word' id='word_1_130' title='bbox 1115 2133 1267 2196; x_wconf 83' lang='lat' dir='ltr'>magnam</span> <span class='ocrx_word' id='word_1_131' title='bbox 1283 2111 1314 2174; x_wconf 92' lang='lat' dir='ltr'>in</span> <span class='ocrx_word' id='word_1_132' title='bbox 1325 2131 1355 2174; x_wconf 84' lang='lat' dir='ltr'>es</span> 
     </span>
     <span class='ocr_line' id='line_1_18' title="bbox 344 2205 1356 2293; baseline -0.002 -21"><span class='ocrx_word' id='word_1_133' title='bbox 344 2217 440 2293; x_wconf 87' lang='lat' dir='ltr'>gente</span> <span class='ocrx_word' id='word_1_134' title='bbox 457 2208 594 2292; x_wconf 83' lang='lat' dir='ltr'>gratiam</span> <span class='ocrx_word' id='word_1_135' title='bbox 611 2208 894 2289; x_wconf 85' lang='lat' dir='ltr'>auctoritatemque</span> <span class='ocrx_word' id='word_1_136' title='bbox 909 2227 1065 2271; x_wconf 90' lang='lat' dir='ltr'>consensu</span> <span class='ocrx_word' id='word_1_137' title='bbox 1079 2205 1221 2270; x_wconf 90' lang='lat' dir='ltr'>omnium</span> <span class='ocrx_word' id='word_1_138' title='bbox 1240 2226 1356 2290; x_wconf 79' lang='lat' dir='ltr'>accepe</span> 
     </span>
     <span class='ocr_line' id='line_1_19' title="bbox 345 2298 1355 2387; baseline -0.004 -21"><span class='ocrx_word' id='word_1_139' title='bbox 345 2311 434 2379; x_wconf 83' lang='lat' dir='ltr'>runt3</span> <span class='ocrx_word' id='word_1_140' title='bbox 459 2301 487 2365; x_wconf 91' lang='lat' dir='ltr'>is</span> <span class='ocrx_word' id='word_1_141' title='bbox 509 2300 576 2385; x_wconf 88' lang='lat' dir='ltr'>ipse</span> <span class='ocrx_word' id='word_1_142' title='bbox 601 2322 674 2364; x_wconf 89' lang='lat' dir='ltr'>oum</span> <span class='ocrx_word' id='word_1_143' title='bbox 697 2301 951 2387; x_wconf 85' lang='lat' dir='ltr'>octingentorum</span> <span class='ocrx_word' id='word_1_144' title='bbox 973 2300 1110 2364; x_wconf 90' lang='lat' dir='ltr'>militum</span> <span class='ocrx_word' id='word_1_145' title='bbox 1134 2300 1294 2384; x_wconf 90' lang='lat' dir='ltr'>praesidio</span> <span class='ocrx_word' id='word_1_146' title='bbox 1317 2298 1355 2362; x_wconf 96' lang='lat' dir='ltr'>his</span> 
     </span>
     <span class='ocr_line' id='line_1_20' title="bbox 345 2396 618 2482; baseline -0.007 -20"><span class='ocrx_word' id='word_1_147' title='bbox 345 2406 394 2462; x_wconf 90' lang='lat' dir='ltr'>est</span> <span class='ocrx_word' id='word_1_148' title='bbox 410 2396 618 2482; x_wconf 86' lang='lat' dir='ltr'>praepositus.</span> 
     </span>
    </p>

    <p class='ocr_par' dir='ltr' id='par_1_9' title="bbox 313 2483 1357 2764">
     <span class='ocr_line' id='line_1_21' title="bbox 313 2483 1357 2575; baseline -0.006 -17"><span class='ocrx_word' id='word_1_149' title='bbox 313 2512 326 2558; x_wconf 90' lang='lat'>1</span> <span class='ocrx_word' id='word_1_150' title='bbox 408 2490 544 2555; x_wconf 82' lang='lat' dir='ltr'>XXIII.</span> <span class='ocrx_word' id='word_1_151' title='bbox 571 2490 644 2555; x_wconf 83' lang='lat' dir='ltr'>Rex</span> <span class='ocrx_word' id='word_1_152' title='bbox 666 2511 740 2555; x_wconf 94' lang='lat' dir='ltr'>cum</span> <span class='ocrx_word' id='word_1_153' title='bbox 762 2483 858 2575; x_wconf 92' lang='lat' dir='ltr'>[non]</span> <span class='ocrx_word' id='word_1_154' title='bbox 882 2490 1003 2554; x_wconf 90' lang='lat' dir='ltr'>minore</span> <span class='ocrx_word' id='word_1_155' title='bbox 1024 2488 1192 2554; x_wconf 85' lang='lat' dir='ltr'>vexatione</span> <span class='ocrx_word' id='word_1_156' title='bbox 1214 2489 1357 2554; x_wconf 89' lang='lat' dir='ltr'>iumento·</span> 
     </span>
     <span class='ocr_line' id='line_1_22' title="bbox 345 2582 1356 2667; baseline -0.003 -18"><span class='ocrx_word' id='word_1_157' title='bbox 345 2608 417 2649; x_wconf 90' lang='lat' dir='ltr'>rum</span> <span class='ocrx_word' id='word_1_158' title='bbox 435 2585 671 2667; x_wconf 89' lang='lat' dir='ltr'>hominumque,</span> <span class='ocrx_word' id='word_1_159' title='bbox 689 2606 786 2667; x_wconf 91' lang='lat' dir='ltr'>quam</span> <span class='ocrx_word' id='word_1_160' title='bbox 804 2595 949 2660; x_wconf 91' lang='lat' dir='ltr'>venerat,</span> <span class='ocrx_word' id='word_1_161' title='bbox 967 2583 1002 2648; x_wconf 92' lang='lat' dir='ltr'>in</span> <span class='ocrx_word' id='word_1_162' title='bbox 1018 2583 1245 2647; x_wconf 86' lang='lat' dir='ltr'>Macedoniam</span> <span class='ocrx_word' id='word_1_163' title='bbox 1263 2582 1356 2656; x_wconf 89' lang='lat' dir='ltr'>rediit;</span> 
     </span>
     <span class='ocr_line' id='line_1_23' title="bbox 344 2675 1357 2764; baseline -0.001 -23"><span class='ocrx_word' id='word_1_164' title='bbox 344 2678 489 2764; x_wconf 90' lang='lat' dir='ltr'>Appium</span> <span class='ocrx_word' id='word_1_165' title='bbox 513 2690 619 2743; x_wconf 88' lang='lat' dir='ltr'>tamen</span> <span class='ocrx_word' id='word_1_166' title='bbox 641 2680 683 2743; x_wconf 87' lang='lat' dir='ltr'>ab</span> <span class='ocrx_word' id='word_1_167' title='bbox 701 2678 865 2743; x_wconf 87' lang='lat' dir='ltr'>obsidione</span> <span class='ocrx_word' id='word_1_168' title='bbox 882 2677 1045 2743; x_wconf 83' lang='lat' dir='ltr'>Phanotes</span> <span class='ocrx_word' id='word_1_169' title='bbox 1062 2677 1149 2743; x_wconf 88' lang='lat' dir='ltr'>fama</span> <span class='ocrx_word' id='word_1_170' title='bbox 1167 2678 1310 2743; x_wconf 90' lang='lat' dir='ltr'>ducentis</span> <span class='ocrx_word' id='word_1_171' title='bbox 1323 2675 1357 2740; x_wconf 82' lang='lat' dir='ltr'>sd</span> 
     </span>
    </p>

    <p class='ocr_par' dir='ltr' id='par_1_10' title="bbox 314 2770 1391 3047">
     <span class='ocr_line' id='line_1_24' title="bbox 314 2770 1391 2857; baseline -0.001 -18"><span class='ocrx_word' id='word_1_172' title='bbox 314 2770 491 2839; x_wconf 74' lang='lat' dir='ltr'>astratum</span> <span class='ocrx_word' id='word_1_173' title='bbox 512 2772 624 2838; x_wconf 89' lang='lat' dir='ltr'>Persei</span> <span class='ocrx_word' id='word_1_174' title='bbox 648 2774 827 2837; x_wconf 90' lang='lat' dir='ltr'>summovit.</span> <span class='ocrx_word' id='word_1_175' title='bbox 873 2770 991 2837; x_wconf 84' lang='lat' dir='ltr'>Cleuas</span> <span class='ocrx_word' id='word_1_176' title='bbox 1014 2795 1086 2837; x_wconf 91' lang='lat' dir='ltr'>cum</span> <span class='ocrx_word' id='word_1_177' title='bbox 1107 2773 1268 2857; x_wconf 90' lang='lat' dir='ltr'>praesidio</span> <span class='ocrx_word' id='word_1_178' title='bbox 1290 2770 1358 2857; x_wconf 85' lang='lat' dir='ltr'>inpi·</span> <span class='ocrx_word' id='word_1_179' title='bbox 1390 2833 1391 2838; x_wconf 73' lang='grc'>,</span> 
     </span>
     <span class='ocr_line' id='line_1_25' title="bbox 347 2864 1391 2953; baseline 0.004 -25"><span class='ocrx_word' id='word_1_180' title='bbox 347 2886 477 2950; x_wconf 82' lang='lat' dir='ltr'>grorum</span> <span class='ocrx_word' id='word_1_181' title='bbox 502 2864 654 2931; x_wconf 89' lang='lat' dir='ltr'>iuvenum</span> <span class='ocrx_word' id='word_1_182' title='bbox 678 2867 841 2932; x_wconf 90' lang='lat' dir='ltr'>insecutus</span> <span class='ocrx_word' id='word_1_183' title='bbox 869 2868 930 2931; x_wconf 93' lang='lat' dir='ltr'>sub</span> <span class='ocrx_word' id='word_1_184' title='bbox 961 2866 1120 2931; x_wconf 89' lang='lat' dir='ltr'>radicibus</span> <span class='ocrx_word' id='word_1_185' title='bbox 1152 2889 1253 2953; x_wconf 91' lang='lat' dir='ltr'>prope</span> <span class='ocrx_word' id='word_1_186' title='bbox 1278 2865 1357 2932; x_wconf 82' lang='lat' dir='ltr'>inviis</span> <span class='ocrx_word' id='word_1_187' title='bbox 1389 2935 1391 2952; x_wconf 26' lang='lat'>³</span> 
     </span>
     <span class='ocr_line' id='line_1_26' title="bbox 347 2959 1355 3047; baseline 0.005 -25"><span class='ocrx_word' id='word_1_188' title='bbox 347 2959 503 3023; x_wconf 90' lang='lat' dir='ltr'>montium</span> <span class='ocrx_word' id='word_1_189' title='bbox 520 2959 562 3023; x_wconf 91' lang='lat' dir='ltr'>ad</span> <span class='ocrx_word' id='word_1_190' title='bbox 584 2961 669 3027; x_wconf 90' lang='lat' dir='ltr'>mille</span> <span class='ocrx_word' id='word_1_191' title='bbox 692 2961 858 3026; x_wconf 91' lang='lat' dir='ltr'>hominum</span> <span class='ocrx_word' id='word_1_192' title='bbox 875 2983 916 3026; x_wconf 87' lang='lat' dir='ltr'>ex</span> <span class='ocrx_word' id='word_1_193' title='bbox 934 2961 1061 3047; x_wconf 87' lang='lat' dir='ltr'>agmine</span> <span class='ocrx_word' id='word_1_194' title='bbox 1084 2961 1226 3046; x_wconf 88' lang='lat' dir='ltr'>inpedito</span> <span class='ocrx_word' id='word_1_195' title='bbox 1245 2961 1355 3034; x_wconf 84' lang='lat' dir='ltr'>occidit,</span> 
     </span>
    </p>

    <p class='ocr_par' dir='ltr' id='par_1_11' title="bbox 314 3051 1391 3426">
     <span class='ocr_line' id='line_1_27' title="bbox 314 3051 1391 3142; baseline 0.002 -23"><span class='ocrx_word' id='word_1_196' title='bbox 314 3071 329 3119; x_wconf 81' lang='lat'><strong>3</strong></span> <span class='ocrx_word' id='word_1_197' title='bbox 348 3053 389 3116; x_wconf 87' lang='lat' dir='ltr'>sd</span> <span class='ocrx_word' id='word_1_198' title='bbox 407 3054 559 3119; x_wconf 88' lang='lat' dir='ltr'>ducentos</span> <span class='ocrx_word' id='word_1_199' title='bbox 578 3055 671 3139; x_wconf 90' lang='lat' dir='ltr'>cepit.</span> <span class='ocrx_word' id='word_1_200' title='bbox 697 3056 825 3142; x_wconf 90' lang='lat' dir='ltr'>Appius</span> <span class='ocrx_word' id='word_1_201' title='bbox 845 3055 1000 3140; x_wconf 88' lang='lat' dir='ltr'>superatis</span> <span class='ocrx_word' id='word_1_202' title='bbox 1016 3055 1181 3140; x_wconf 84' lang='lat' dir='ltr'>angustiis,</span> <span class='ocrx_word' id='word_1_203' title='bbox 1199 3056 1233 3120; x_wconf 93' lang='lat' dir='ltr'>in</span> <span class='ocrx_word' id='word_1_204' title='bbox 1248 3074 1355 3141; x_wconf 85' lang='lat' dir='ltr'>campo,</span> <span class='ocrx_word' id='word_1_205' title='bbox 1390 3051 1391 3076; x_wconf 49' lang='lat' dir='ltr'>l</span> 
     </span>
     <span class='ocr_line' id='line_1_28' title="bbox 347 3146 1354 3233; baseline -0.004 -22"><span class='ocrx_word' id='word_1_206' title='bbox 347 3169 442 3231; x_wconf 91' lang='lat' dir='ltr'>quem</span> <span class='ocrx_word' id='word_1_207' title='bbox 459 3146 611 3213; x_wconf 90' lang='lat' dir='ltr'>Meleona</span> <span class='ocrx_word' id='word_1_208' title='bbox 627 3160 756 3226; x_wconf 89' lang='lat' dir='ltr'>vocant,</span> <span class='ocrx_word' id='word_1_209' title='bbox 779 3150 894 3215; x_wconf 88' lang='lat' dir='ltr'>stativa</span> <span class='ocrx_word' id='word_1_210' title='bbox 912 3150 1034 3214; x_wconf 89' lang='lat' dir='ltr'>dierum</span> <span class='ocrx_word' id='word_1_211' title='bbox 1056 3170 1233 3233; x_wconf 88' lang='lat' dir='ltr'>paucorum</span> <span class='ocrx_word' id='word_1_212' title='bbox 1251 3146 1354 3214; x_wconf 91' lang='lat' dir='ltr'>habuit.</span> 
     </span>
     <span class='ocr_line' id='line_1_29' title="bbox 346 3235 1391 3330; baseline 0.002 -24"><span class='ocrx_word' id='word_1_213' title='bbox 346 3242 473 3308; x_wconf 92' lang='lat' dir='ltr'>interim</span> <span class='ocrx_word' id='word_1_214' title='bbox 483 3239 601 3309; x_wconf 86' lang='lat' dir='ltr'>Cleuas</span> <span class='ocrx_word' id='word_1_215' title='bbox 619 3244 787 3330; x_wconf 91' lang='lat' dir='ltr'>adsumpto</span> <span class='ocrx_word' id='word_1_216' title='bbox 796 3243 1000 3321; x_wconf 87' lang='lat' dir='ltr'>Philostrato,</span> <span class='ocrx_word' id='word_1_217' title='bbox 1017 3244 1073 3327; x_wconf 93' lang='lat' dir='ltr'>qui</span> <span class='ocrx_word' id='word_1_218' title='bbox 1092 3241 1299 3329; x_wconf 86' lang='lat' dir='ltr'>[quingentos</span> <span class='ocrx_word' id='word_1_219' title='bbox 1312 3235 1353 3323; x_wconf 82' lang='lat' dir='ltr'>ex]</span> <span class='ocrx_word' id='word_1_220' title='bbox 1388 3253 1391 3260; x_wconf 91' lang='lat'>&#39;</span> 
     </span>
     <span class='ocr_line' id='line_1_30' title="bbox 347 3336 1352 3426; baseline -0.001 -25"><span class='ocrx_word' id='word_1_221' title='bbox 347 3336 551 3421; x_wconf 81' lang='lat' dir='ltr'>Epirotarum</span> <span class='ocrx_word' id='word_1_222' title='bbox 585 3351 679 3425; x_wconf 88' lang='lat' dir='ltr'>gente</span> <span class='ocrx_word' id='word_1_223' title='bbox 709 3339 864 3416; x_wconf 89' lang='lat' dir='ltr'>habebat,</span> <span class='ocrx_word' id='word_1_224' title='bbox 899 3341 933 3404; x_wconf 93' lang='lat' dir='ltr'>in</span> <span class='ocrx_word' id='word_1_225' title='bbox 969 3362 1082 3426; x_wconf 76' lang='lat' dir='ltr'>agnum</span> <span class='ocrx_word' id='word_1_226' title='bbox 1113 3340 1352 3426; x_wconf 83' lang='lat' dir='ltr'>Antigonensem</span> 
     </span>
    </p>

    <p class='ocr_par' dir='ltr' id='par_1_12' title="bbox 314 3430 1352 3595">
     <span class='ocr_line' id='line_1_31' title="bbox 314 3430 1352 3521; baseline 0.002 -28"><span class='ocrx_word' id='word_1_227' title='bbox 314 3447 331 3493; x_wconf 84' lang='grc'>4</span> <span class='ocrx_word' id='word_1_228' title='bbox 348 3433 551 3496; x_wconf 89' lang='lat' dir='ltr'>transcendit.</span> <span class='ocrx_word' id='word_1_229' title='bbox 573 3433 768 3501; x_wconf 87' lang='lat' dir='ltr'>Macedones</span> <span class='ocrx_word' id='word_1_230' title='bbox 782 3435 824 3499; x_wconf 92' lang='lat' dir='ltr'>ad</span> <span class='ocrx_word' id='word_1_231' title='bbox 833 3434 1110 3521; x_wconf 88' lang='lat' dir='ltr'>depopulationem</span> <span class='ocrx_word' id='word_1_232' title='bbox 1124 3434 1262 3520; x_wconf 81' lang='lat' dir='ltr'>profecti</span> <span class='ocrx_word' id='word_1_233' title='bbox 1267 3460 1276 3512; x_wconf 85' lang='lat'>3</span> <span class='ocrx_word' id='word_1_234' title='bbox 1292 3430 1352 3497; x_wconf 90' lang='lat' dir='ltr'>Phi·</span> 
     </span>
     <span class='ocr_line' id='line_1_32' title="bbox 348 3523 1351 3595; baseline 0.005 -9"><span class='ocrx_word' id='word_1_235' title='bbox 348 3523 501 3589; x_wconf 87' lang='lat' dir='ltr'>lostratus.</span> <span class='ocrx_word' id='word_1_236' title='bbox 510 3548 583 3590; x_wconf 91' lang='lat' dir='ltr'>cum</span> <span class='ocrx_word' id='word_1_237' title='bbox 596 3527 722 3594; x_wconf 91' lang='lat' dir='ltr'>cohorte</span> <span class='ocrx_word' id='word_1_238' title='bbox 736 3552 796 3594; x_wconf 91' lang='lat' dir='ltr'>sua</span> <span class='ocrx_word' id='word_1_239' title='bbox 807 3530 841 3594; x_wconf 91' lang='lat' dir='ltr'>in</span> <span class='ocrx_word' id='word_1_240' title='bbox 858 3530 968 3595; x_wconf 81' lang='lat' dir='ltr'>insidis</span> <span class='ocrx_word' id='word_1_241' title='bbox 980 3530 1051 3594; x_wconf 93' lang='lat' dir='ltr'>loco</span> <span class='ocrx_word' id='word_1_242' title='bbox 1067 3528 1203 3594; x_wconf 90' lang='lat' dir='ltr'>obscuro</span> <span class='ocrx_word' id='word_1_243' title='bbox 1219 3524 1351 3595; x_wconf 83' lang='lat' dir='ltr'>consedit·</span> 
     </span>
    </p>

    <p class='ocr_par' dir='ltr' id='par_1_13' title="bbox 262 3617 1351 3803">
     <span class='ocr_line' id='line_1_33' title="bbox 262 3617 1351 3711; baseline 0.004 -30"><span class='ocrx_word' id='word_1_244' title='bbox 262 3659 267 3664; x_wconf 96' lang='lat'>-</span> <span class='ocrx_word' id='word_1_245' title='bbox 348 3617 382 3680; x_wconf 92' lang='lat' dir='ltr'>in</span> <span class='ocrx_word' id='word_1_246' title='bbox 399 3619 522 3702; x_wconf 85' lang='lat' dir='ltr'>palatos</span> <span class='ocrx_word' id='word_1_247' title='bbox 543 3623 745 3705; x_wconf 89' lang='lat' dir='ltr'>populatores</span> <span class='ocrx_word' id='word_1_248' title='bbox 768 3646 841 3689; x_wconf 89' lang='lat' dir='ltr'>cum</span> <span class='ocrx_word' id='word_1_249' title='bbox 860 3625 1037 3711; x_wconf 90' lang='lat' dir='ltr'>erupissent</span> <span class='ocrx_word' id='word_1_250' title='bbox 1060 3623 1101 3687; x_wconf 91' lang='lat' dir='ltr'>ab</span> <span class='ocrx_word' id='word_1_251' title='bbox 1117 3623 1351 3709; x_wconf 70' lang='lat' dir='ltr'>Antigoneam</span> 
     </span>
     <span class='ocr_line' id='line_1_34' title="bbox 348 3711 1351 3803; baseline 0.006 -30"><span class='ocrx_word' id='word_1_252' title='bbox 348 3711 434 3786; x_wconf 87' lang='lat' dir='ltr'>mati,</span> <span class='ocrx_word' id='word_1_253' title='bbox 452 3711 610 3797; x_wconf 84' lang='lat' dir='ltr'>fugientes</span> <span class='ocrx_word' id='word_1_254' title='bbox 628 3738 683 3782; x_wconf 90' lang='lat' dir='ltr'>eos</span> <span class='ocrx_word' id='word_1_255' title='bbox 700 3729 926 3803; x_wconf 83' lang='lat' dir='ltr'>persequentes</span> <span class='ocrx_word' id='word_1_256' title='bbox 944 3718 1075 3783; x_wconf 87' lang='lat' dir='ltr'>effusius</span> <span class='ocrx_word' id='word_1_257' title='bbox 1093 3718 1126 3782; x_wconf 92' lang='lat' dir='ltr'>in</span> <span class='ocrx_word' id='word_1_258' title='bbox 1140 3719 1259 3784; x_wconf 91' lang='lat' dir='ltr'>vallem</span> <span class='ocrx_word' id='word_1_259' title='bbox 1272 3719 1351 3782; x_wconf 83' lang='lat' dir='ltr'>inses-</span> 
     </span>
    </p>

    <p class='ocr_par' dir='ltr' id='par_1_14' title="bbox 315 3806 1391 3994">
     <span class='ocr_line' id='line_1_35' title="bbox 315 3806 1391 3898; baseline 0.008 -32"><span class='ocrx_word' id='word_1_260' title='bbox 315 3820 330 3866; x_wconf 78' lang='lat'>5</span> <span class='ocrx_word' id='word_1_261' title='bbox 349 3825 417 3868; x_wconf 90' lang='lat' dir='ltr'>sam</span> <span class='ocrx_word' id='word_1_262' title='bbox 435 3806 476 3869; x_wconf 91' lang='lat' dir='ltr'>ab</span> <span class='ocrx_word' id='word_1_263' title='bbox 494 3806 636 3875; x_wconf 90' lang='lat' dir='ltr'>hostibus</span> <span class='ocrx_word' id='word_1_264' title='bbox 653 3812 872 3898; x_wconf 79' lang='lat' dir='ltr'>praecipitant</span> <span class='ocrx_word' id='word_1_265' title='bbox 906 3813 981 3878; x_wconf 92' lang='lat' dir='ltr'>inde</span> <span class='ocrx_word' id='word_1_266' title='bbox 998 3813 1084 3877; x_wconf 90' lang='lat' dir='ltr'>mille</span> <span class='ocrx_word' id='word_1_267' title='bbox 1102 3813 1226 3891; x_wconf 88' lang='lat' dir='ltr'>occisis,</span> <span class='ocrx_word' id='word_1_268' title='bbox 1245 3824 1350 3880; x_wconf 84' lang='lat' dir='ltr'>centum</span> <span class='ocrx_word' id='word_1_269' title='bbox 1390 3809 1391 3816; x_wconf 60' lang='lat'><em>&#39;</em></span> 
     </span>
     <span class='ocr_line' id='line_1_36' title="bbox 347 3896 1350 3994; baseline 0.008 -32"><span class='ocrx_word' id='word_1_270' title='bbox 347 3896 448 3964; x_wconf 89' lang='lat' dir='ltr'>ferme</span> <span class='ocrx_word' id='word_1_271' title='bbox 475 3900 574 3986; x_wconf 87' lang='lat' dir='ltr'>captis</span> <span class='ocrx_word' id='word_1_272' title='bbox 597 3913 629 3968; x_wconf 91' lang='lat' dir='ltr'>et</span> <span class='ocrx_word' id='word_1_273' title='bbox 650 3906 769 3991; x_wconf 87' lang='lat' dir='ltr'>ubique</span> <span class='ocrx_word' id='word_1_274' title='bbox 791 3929 941 3994; x_wconf 87' lang='lat' dir='ltr'>prospere</span> <span class='ocrx_word' id='word_1_275' title='bbox 963 3918 1110 3993; x_wconf 87' lang='lat' dir='ltr'>gestare</span> <span class='ocrx_word' id='word_1_276' title='bbox 1133 3930 1234 3993; x_wconf 91' lang='lat' dir='ltr'>prope</span> <span class='ocrx_word' id='word_1_277' title='bbox 1257 3906 1350 3974; x_wconf 78' lang='lat' dir='ltr'>stativs</span> 
     </span>
    </p>
   </div>
   <div class='ocr_carea' id='block_1_3' title="bbox 316 3991 1391 4371">
    <p class='ocr_par' dir='ltr' id='par_1_15' title="bbox 316 3991 1391 4182">
     <span class='ocr_line' id='line_1_37' title="bbox 348 3991 1391 4087; baseline 0.011 -31"><span class='ocrx_word' id='word_1_278' title='bbox 348 3991 437 4078; x_wconf 91' lang='lat' dir='ltr'>Appi</span> <span class='ocrx_word' id='word_1_279' title='bbox 455 4005 560 4062; x_wconf 85' lang='lat' dir='ltr'>castra</span> <span class='ocrx_word' id='word_1_280' title='bbox 580 4011 723 4077; x_wconf 89' lang='lat' dir='ltr'>movent,</span> <span class='ocrx_word' id='word_1_281' title='bbox 749 4025 790 4068; x_wconf 92' lang='lat' dir='ltr'>ne</span> <span class='ocrx_word' id='word_1_282' title='bbox 812 4025 876 4087; x_wconf 89' lang='lat' dir='ltr'>qua</span> <span class='ocrx_word' id='word_1_283' title='bbox 898 4004 946 4068; x_wconf 89' lang='lat' dir='ltr'>vis</span> <span class='ocrx_word' id='word_1_284' title='bbox 964 4002 1058 4067; x_wconf 90' lang='lat' dir='ltr'>sociis</span> <span class='ocrx_word' id='word_1_285' title='bbox 1081 4002 1146 4066; x_wconf 88' lang='lat' dir='ltr'>suis</span> <span class='ocrx_word' id='word_1_286' title='bbox 1164 4003 1205 4067; x_wconf 89' lang='lat' dir='ltr'>ab</span> <span class='ocrx_word' id='word_1_287' title='bbox 1224 4004 1350 4070; x_wconf 65' lang='lat' dir='ltr'>Roman</span> <span class='ocrx_word' id='word_1_288' title='bbox 1390 4019 1391 4030; x_wconf 61' lang='lat'>¹</span> 
     </span>
     <span class='ocr_line' id='line_1_38' title="bbox 316 4088 1350 4182; baseline 0.011 -34"><span class='ocrx_word' id='word_1_289' title='bbox 316 4101 330 4148; x_wconf 86' lang='lat' dir='ltr'>s</span> <span class='ocrx_word' id='word_1_290' title='bbox 348 4088 489 4154; x_wconf 87' lang='lat' dir='ltr'>exercitu</span> <span class='ocrx_word' id='word_1_291' title='bbox 510 4089 620 4156; x_wconf 78' lang='lat' dir='ltr'>inferri</span> <span class='ocrx_word' id='word_1_292' title='bbox 640 4094 749 4177; x_wconf 89' lang='lat' dir='ltr'>possit.</span> <span class='ocrx_word' id='word_1_293' title='bbox 793 4098 921 4182; x_wconf 92' lang='lat' dir='ltr'>Appius</span> <span class='ocrx_word' id='word_1_294' title='bbox 942 4097 1136 4181; x_wconf 89' lang='lat' dir='ltr'>nequiquam</span> <span class='ocrx_word' id='word_1_295' title='bbox 1159 4098 1194 4162; x_wconf 91' lang='lat' dir='ltr'>in</span> <span class='ocrx_word' id='word_1_296' title='bbox 1220 4098 1269 4163; x_wconf 90' lang='lat' dir='ltr'>his</span> <span class='ocrx_word' id='word_1_297' title='bbox 1290 4090 1350 4159; x_wconf 77' lang='lat' dir='ltr'>locit</span> 
     </span>
    </p>

    <p class='ocr_par' dir='ltr' id='par_1_16' title="bbox 349 4181 1351 4276">
     <span class='ocr_line' id='line_1_39' title="bbox 349 4181 1351 4276; baseline 0.017 -33"><span class='ocrx_word' id='word_1_298' title='bbox 349 4187 453 4246; x_wconf 88' lang='lat' dir='ltr'>terens</span> <span class='ocrx_word' id='word_1_299' title='bbox 475 4192 614 4270; x_wconf 85' lang='lat' dir='ltr'>tempus,</span> <span class='ocrx_word' id='word_1_300' title='bbox 637 4186 773 4254; x_wconf 89' lang='lat' dir='ltr'>dimissis</span> <span class='ocrx_word' id='word_1_301' title='bbox 793 4187 1026 4276; x_wconf 85' lang='lat' dir='ltr'>Chaonumque</span> <span class='ocrx_word' id='word_1_302' title='bbox 1044 4202 1076 4256; x_wconf 87' lang='lat' dir='ltr'>et</span> <span class='ocrx_word' id='word_1_303' title='bbox 1097 4191 1125 4255; x_wconf 91' lang='lat' dir='ltr'>si</span> <span class='ocrx_word' id='word_1_304' title='bbox 1148 4192 1204 4276; x_wconf 92' lang='lat' dir='ltr'>qui</span> <span class='ocrx_word' id='word_1_305' title='bbox 1222 4192 1273 4258; x_wconf 88' lang='lat' dir='ltr'>alii</span> <span class='ocrx_word' id='word_1_306' title='bbox 1290 4181 1351 4272; x_wconf 71' lang='lat' dir='ltr'>Epi·</span> 
     </span>
    </p>

    <p class='ocr_par' dir='ltr' id='par_1_17' title="bbox 350 4281 1350 4371">
     <span class='ocr_line' id='line_1_40' title="bbox 350 4281 1350 4371; baseline 0.014 -34"><span class='ocrx_word' id='word_1_307' title='bbox 350 4283 439 4340; x_wconf 83' lang='lat' dir='ltr'>rotae</span> <span class='ocrx_word' id='word_1_308' title='bbox 460 4287 551 4343; x_wconf 92' lang='lat' dir='ltr'>erant</span> <span class='ocrx_word' id='word_1_309' title='bbox 571 4281 724 4365; x_wconf 80' lang='lat' dir='ltr'>praesidis</span> <span class='ocrx_word' id='word_1_310' title='bbox 747 4305 821 4350; x_wconf 87' lang='lat' dir='ltr'>eum</span> <span class='ocrx_word' id='word_1_311' title='bbox 837 4285 958 4352; x_wconf 86' lang='lat' dir='ltr'>Italicis</span> <span class='ocrx_word' id='word_1_312' title='bbox 980 4285 1132 4351; x_wconf 90' lang='lat' dir='ltr'>militibus</span> <span class='ocrx_word' id='word_1_313' title='bbox 1155 4287 1188 4352; x_wconf 90' lang='lat' dir='ltr'>in</span> <span class='ocrx_word' id='word_1_314' title='bbox 1205 4284 1350 4371; x_wconf 73' lang='lat' dir='ltr'>Illyricum</span> 
     </span>
    </p>
   </div>
   <div class='ocr_carea' id='block_1_4' title="bbox 228 4429 353 4529">
    <p class='ocr_par' dir='ltr' id='par_1_18' title="bbox 228 4429 353 4529">
     <span class='ocr_line' id='line_1_41' title="bbox 228 4429 353 4529; baseline 0 0"><span class='ocrx_word' id='word_1_315' title='bbox 228 4429 353 4529; x_wconf 59' lang='lat' dir='ltr'>*a</span> 
     </span>
    </p>
   </div>
   <div class='ocr_carea' id='block_1_5' title="bbox 0 0 1692 5092">
    <p class='ocr_par' dir='ltr' id='par_1_19' title="bbox 0 0 1692 5092">
     <span class='ocr_line' id='line_1_42' title="bbox 0 0 1692 5092; baseline 0 0"><span class='ocrx_word' id='word_1_316' title='bbox 0 0 1692 5092; x_wconf 95' lang='lat' dir='ltr'> </span> 
     </span>
    </p>
   </div>
  </div>
 </body>
</html>
