<?xml version="1.0" encoding="UTF-8"?>
<!DOCTYPE html PUBLIC "-//W3C//DTD XHTML 1.0 Transitional//EN"
    "http://www.w3.org/TR/xhtml1/DTD/xhtml1-transitional.dtd">
<html xmlns="http://www.w3.org/1999/xhtml" xml:lang="en" lang="en">
 <head>
  <title>
</title>
<meta http-equiv="Content-Type" content="text/html;charset=utf-8" />
  <meta name='ocr-system' content='tesseract 3.04.00' />
  <meta name='ocr-capabilities' content='ocr_page ocr_carea ocr_par ocr_line ocrx_word'/>
</head>
<body>
  <div class='ocr_page' id='page_1' title='image "./titiliviaburbec02weisgoog_0280.png"; bbox 0 0 3359 5092; ppageno 0'>
   <div class='ocr_carea' id='block_1_1' title="bbox 346 481 1190 601">
    <p class='ocr_par' dir='ltr' id='par_1_1' title="bbox 346 481 1190 601">
     <span class='ocr_line' id='line_1_1' title="bbox 346 481 1190 601; baseline -0.002 0"><span class='ocrx_word' id='word_1_1' title='bbox 346 535 411 601; x_wconf 79' lang='lat'><strong>200</strong></span> <span class='ocrx_word' id='word_1_2' title='bbox 525 543 747 601; x_wconf 76' lang='lat' dir='ltr'><strong>Paaiociiaa</strong></span> <span class='ocrx_word' id='word_1_3' title='bbox 765 481 969 601; x_wconf 67' lang='lat' dir='ltr'><strong>niniioauii</strong></span> <span class='ocrx_word' id='word_1_4' title='bbox 985 543 1137 600; x_wconf 79' lang='lat' dir='ltr'><strong>xxviiii.</strong></span> <span class='ocrx_word' id='word_1_5' title='bbox 1154 529 1190 599; x_wconf 78' lang='lat' dir='ltr'><strong>n.</strong></span> 
     </span>
    </p>
   </div>
   <div class='ocr_carea' id='block_1_2' title="bbox 280 678 1400 4391">
    <p class='ocr_par' dir='ltr' id='par_1_2' title="bbox 289 678 1400 3162">
     <span class='ocr_line' id='line_1_2' title="bbox 345 678 1358 756; baseline -0.005 -14"><span class='ocrx_word' id='word_1_6' title='bbox 345 687 459 742; x_wconf 88' lang='lat' dir='ltr'><strong>umbras</strong></span> <span class='ocrx_word' id='word_1_7' title='bbox 471 685 603 753; x_wconf 89' lang='lat' dir='ltr'><strong>volitare,</strong></span> <span class='ocrx_word' id='word_1_8' title='bbox 619 682 776 753; x_wconf 84' lang='lat' dir='ltr'>Scipionem</span> <span class='ocrx_word' id='word_1_9' title='bbox 790 684 899 756; x_wconf 86' lang='lat' dir='ltr'><strong>vigere,</strong></span> <span class='ocrx_word' id='word_1_10' title='bbox 915 688 944 739; x_wconf 87' lang='lat' dir='ltr'><strong>et</strong></span> <span class='ocrx_word' id='word_1_11' title='bbox 952 700 988 755; x_wconf 91' lang='lat' dir='ltr'><strong>po</strong></span> <span class='ocrx_word' id='word_1_12' title='bbox 1009 682 1072 736; x_wconf 90' lang='lat' dir='ltr'><strong>ulus</strong></span> <span class='ocrx_word' id='word_1_13' title='bbox 1081 682 1226 737; x_wconf 84' lang='lat' dir='ltr'><strong>Romanus</strong></span> <span class='ocrx_word' id='word_1_14' title='bbox 1236 698 1269 737; x_wconf 89' lang='lat' dir='ltr'><strong>eo</strong></span> <span class='ocrx_word' id='word_1_15' title='bbox 1278 678 1358 737; x_wconf 81' lang='lat' dir='ltr'><strong>farore</strong></span> 
     </span>
     <span class='ocr_line' id='line_1_3' title="bbox 347 702 1358 824; baseline -0.008 -13"><span class='ocrx_word' id='word_1_16' title='bbox 347 774 407 811; x_wconf 89' lang='lat' dir='ltr'><strong>com</strong></span> <span class='ocrx_word' id='word_1_17' title='bbox 429 755 519 824; x_wconf 88' lang='lat' dir='ltr'><strong>lexus,</strong></span> <span class='ocrx_word' id='word_1_18' title='bbox 539 759 571 807; x_wconf 90' lang='lat' dir='ltr'><strong>ut</strong></span> <span class='ocrx_word' id='word_1_19' title='bbox 588 753 706 809; x_wconf 83' lang='lat' dir='ltr'><strong>comitiis</strong></span> <span class='ocrx_word' id='word_1_20' title='bbox 720 752 858 824; x_wconf 81' lang='lat' dir='ltr'>plurimae</span> <span class='ocrx_word' id='word_1_21' title='bbox 873 770 937 807; x_wconf 92' lang='lat' dir='ltr'><strong>eum</strong></span> <span class='ocrx_word' id='word_1_22' title='bbox 950 702 1039 806; x_wconf 51' lang='lat' dir='ltr'><strong>tribus</strong></span> <span class='ocrx_word' id='word_1_23' title='bbox 1053 752 1196 807; x_wconf 88' lang='lat' dir='ltr'><strong>consulein</strong></span> <span class='ocrx_word' id='word_1_24' title='bbox 1211 750 1358 817; x_wconf 86' lang='lat' dir='ltr'><strong>scriberent,</strong></span> 
     </span>
     <span class='ocr_line' id='line_1_4' title="bbox 347 818 1359 893; baseline -0.01 -12"><span class='ocrx_word' id='word_1_25' title='bbox 347 843 410 881; x_wconf 91' lang='lat' dir='ltr'><strong>cum</strong></span> <span class='ocrx_word' id='word_1_26' title='bbox 437 841 470 878; x_wconf 92' lang='lat' dir='ltr'><strong>oc</strong></span> <span class='ocrx_word' id='word_1_27' title='bbox 479 840 529 893; x_wconf 88' lang='lat' dir='ltr'><strong>per</strong></span> <span class='ocrx_word' id='word_1_28' title='bbox 539 827 661 878; x_wconf 87' lang='lat' dir='ltr'><strong>aetatem</strong></span> <span class='ocrx_word' id='word_1_29' title='bbox 670 840 726 877; x_wconf 90' lang='lat' dir='ltr'><strong>non</strong></span> <span class='ocrx_word' id='word_1_30' title='bbox 735 822 841 877; x_wconf 88' lang='lat' dir='ltr'><strong>liceret.</strong></span> <span class='ocrx_word' id='word_1_31' title='bbox 860 839 924 877; x_wconf 88' lang='lat' dir='ltr'><strong>cum</strong></span> <span class='ocrx_word' id='word_1_32' title='bbox 932 819 1135 876; x_wconf 89' lang='lat' dir='ltr'><strong>L.Scribonius</strong></span> <span class='ocrx_word' id='word_1_33' title='bbox 1144 819 1274 874; x_wconf 90' lang='lat' dir='ltr'><strong>tribunus</strong></span> <span class='ocrx_word' id='word_1_34' title='bbox 1283 818 1359 888; x_wconf 86' lang='lat' dir='ltr'><strong>plebis</strong></span> 
     </span>
     <span class='ocr_line' id='line_1_5' title="bbox 345 887 1358 962; baseline -0.009 -14"><span class='ocrx_word' id='word_1_35' title='bbox 345 912 377 948; x_wconf 89' lang='lat' dir='ltr'><strong>ro</strong></span> <span class='ocrx_word' id='word_1_36' title='bbox 399 892 521 947; x_wconf 88' lang='lat' dir='ltr'><strong>ationem</strong></span> <span class='ocrx_word' id='word_1_37' title='bbox 529 891 638 962; x_wconf 91' lang='lat' dir='ltr'><strong>promul</strong></span> <span class='ocrx_word' id='word_1_38' title='bbox 661 897 743 961; x_wconf 89' lang='lat' dir='ltr'><strong>asset,</strong></span> <span class='ocrx_word' id='word_1_39' title='bbox 753 896 786 945; x_wconf 88' lang='lat' dir='ltr'><strong>ut</strong></span> <span class='ocrx_word' id='word_1_40' title='bbox 794 890 932 959; x_wconf 83' lang='lat' dir='ltr'><strong>Lusitani,</strong></span> <span class='ocrx_word' id='word_1_41' title='bbox 944 887 1124 960; x_wconf 86' lang='lat' dir='ltr'><strong>quiinfidem</strong></span> <span class='ocrx_word' id='word_1_42' title='bbox 1133 888 1238 960; x_wconf 91' lang='lat' dir='ltr'><strong>populo</strong></span> <span class='ocrx_word' id='word_1_43' title='bbox 1247 888 1358 941; x_wconf 87' lang='lat' dir='ltr'><strong>Romano</strong></span> 
     </span>
     <span class='ocr_line' id='line_1_6' title="bbox 347 913 1357 1028; baseline -0.008 -11"><span class='ocrx_word' id='word_1_44' title='bbox 347 913 434 1018; x_wconf 61' lang='lat' dir='ltr'><strong>deliri</strong></span> <span class='ocrx_word' id='word_1_45' title='bbox 443 961 479 1015; x_wconf 92' lang='lat' dir='ltr'><strong>ab</strong></span> <span class='ocrx_word' id='word_1_46' title='bbox 490 959 585 1015; x_wconf 85' lang='lat' dir='ltr'><strong>Servio</strong></span> <span class='ocrx_word' id='word_1_47' title='bbox 595 959 622 1014; x_wconf 87' lang='lat' dir='ltr'><strong>G</strong></span> <span class='ocrx_word' id='word_1_48' title='bbox 672 978 690 1015; x_wconf 93' lang='lat' dir='ltr'><strong>a</strong></span> <span class='ocrx_word' id='word_1_49' title='bbox 698 960 727 1014; x_wconf 93' lang='lat' dir='ltr'><strong>in</strong></span> <span class='ocrx_word' id='word_1_50' title='bbox 738 958 863 1015; x_wconf 82' lang='lat' dir='ltr'><strong>Galliam</strong></span> <span class='ocrx_word' id='word_1_51' title='bbox 871 962 1025 1028; x_wconf 89' lang='lat' dir='ltr'><strong>venissent,</strong></span> <span class='ocrx_word' id='word_1_52' title='bbox 1039 958 1069 1013; x_wconf 88' lang='lat' dir='ltr'><strong>in</strong></span> <span class='ocrx_word' id='word_1_53' title='bbox 1077 958 1239 1012; x_wconf 89' lang='lat' dir='ltr'><strong>libertatem</strong></span> <span class='ocrx_word' id='word_1_54' title='bbox 1248 956 1357 1011; x_wconf 88' lang='lat' dir='ltr'><strong>restitue·</strong></span> 
     </span>
     <span class='ocr_line' id='line_1_7' title="bbox 345 1024 1358 1099; baseline -0.01 -13"><span class='ocrx_word' id='word_1_55' title='bbox 345 1038 454 1099; x_wconf 86' lang='lat' dir='ltr'><strong>rentur,</strong></span> <span class='ocrx_word' id='word_1_56' title='bbox 468 1030 506 1083; x_wconf 91' lang='lat' dir='ltr'><strong>M.</strong></span> <span class='ocrx_word' id='word_1_57' title='bbox 517 1030 587 1084; x_wconf 85' lang='lat' dir='ltr'><strong>Cato</strong></span> <span class='ocrx_word' id='word_1_58' title='bbox 598 1030 731 1085; x_wconf 82' lang='lat' dir='ltr'><strong>acerrime</strong></span> <span class='ocrx_word' id='word_1_59' title='bbox 746 1029 841 1083; x_wconf 80' lang='lat' dir='ltr'><strong>suasit.</strong></span> <span class='ocrx_word' id='word_1_60' title='bbox 870 1034 948 1083; x_wconf 89' lang='lat' dir='ltr'><strong>extat</strong></span> <span class='ocrx_word' id='word_1_61' title='bbox 961 1027 1049 1083; x_wconf 92' lang='lat' dir='ltr'><strong>oratio</strong></span> <span class='ocrx_word' id='word_1_62' title='bbox 1063 1044 1098 1083; x_wconf 88' lang='lat' dir='ltr'><strong>ea</strong></span> <span class='ocrx_word' id='word_1_63' title='bbox 1110 1027 1140 1081; x_wconf 94' lang='lat' dir='ltr'><strong>iii</strong></span> <span class='ocrx_word' id='word_1_64' title='bbox 1155 1025 1302 1081; x_wconf 77' lang='lat' dir='ltr'><strong>annalibus</strong></span> <span class='ocrx_word' id='word_1_65' title='bbox 1311 1024 1358 1079; x_wconf 80' lang='lat' dir='ltr'><strong>eius</strong></span> 
     </span>
     <span class='ocr_line' id='line_1_8' title="bbox 345 1094 1357 1167; baseline -0.007 -14"><span class='ocrx_word' id='word_1_66' title='bbox 345 1100 461 1155; x_wconf 87' lang='lat' dir='ltr'><strong>inclusa.</strong></span> <span class='ocrx_word' id='word_1_67' title='bbox 489 1097 523 1162; x_wconf 84' lang='lat' dir='ltr'><strong>Q.</strong></span> <span class='ocrx_word' id='word_1_68' title='bbox 536 1097 652 1153; x_wconf 85' lang='lat' dir='ltr'><strong>Fulvius</strong></span> <span class='ocrx_word' id='word_1_69' title='bbox 665 1096 794 1155; x_wconf 85' lang='lat' dir='ltr'><strong>Nobilior</strong></span> <span class='ocrx_word' id='word_1_70' title='bbox 811 1097 850 1164; x_wconf 90' lang='lat' dir='ltr'><strong>ei,</strong></span> <span class='ocrx_word' id='word_1_71' title='bbox 869 1114 953 1167; x_wconf 85' lang='lat' dir='ltr'><strong>saepe</strong></span> <span class='ocrx_word' id='word_1_72' title='bbox 967 1096 1005 1151; x_wconf 91' lang='lat' dir='ltr'><strong>ab</strong></span> <span class='ocrx_word' id='word_1_73' title='bbox 1020 1112 1054 1151; x_wconf 89' lang='lat' dir='ltr'><strong>eo</strong></span> <span class='ocrx_word' id='word_1_74' title='bbox 1067 1096 1096 1149; x_wconf 88' lang='lat' dir='ltr'><strong>in</strong></span> <span class='ocrx_word' id='word_1_75' title='bbox 1110 1101 1212 1151; x_wconf 88' lang='lat' dir='ltr'><strong>senatu</strong></span> <span class='ocrx_word' id='word_1_76' title='bbox 1224 1094 1357 1159; x_wconf 87' lang='lat' dir='ltr'><strong>laceratus,</strong></span> 
     </span>
     <span class='ocr_line' id='line_1_9' title="bbox 344 1163 1356 1239; baseline -0.009 -16"><span class='ocrx_word' id='word_1_77' title='bbox 344 1167 489 1239; x_wconf 86' lang='lat' dir='ltr'><strong>respondit</strong></span> <span class='ocrx_word' id='word_1_78' title='bbox 502 1184 553 1238; x_wconf 87' lang='lat' dir='ltr'><strong>pro</strong></span> <span class='ocrx_word' id='word_1_79' title='bbox 563 1164 666 1222; x_wconf 80' lang='lat' dir='ltr'><strong>Galba.</strong></span> <span class='ocrx_word' id='word_1_80' title='bbox 692 1166 752 1237; x_wconf 90' lang='lat' dir='ltr'><strong>ipse</strong></span> <span class='ocrx_word' id='word_1_81' title='bbox 767 1182 877 1237; x_wconf 90' lang='lat' dir='ltr'><strong>quoque</strong></span> <span class='ocrx_word' id='word_1_82' title='bbox 888 1164 994 1234; x_wconf 83' lang='lat' dir='ltr'><strong>Galba,</strong></span> <span class='ocrx_word' id='word_1_83' title='bbox 1009 1181 1072 1219; x_wconf 90' lang='lat' dir='ltr'><strong>cuin</strong></span> <span class='ocrx_word' id='word_1_84' title='bbox 1081 1182 1111 1219; x_wconf 87' lang='lat' dir='ltr'><strong>se</strong></span> <span class='ocrx_word' id='word_1_85' title='bbox 1121 1163 1251 1219; x_wconf 88' lang='lat' dir='ltr'><strong>damnari</strong></span> <span class='ocrx_word' id='word_1_86' title='bbox 1258 1163 1356 1224; x_wconf 79' lang='lat' dir='ltr'><strong>rideret,</strong></span> 
     </span>
     <span class='ocr_line' id='line_1_10' title="bbox 345 1230 1356 1307; baseline -0.011 -14"><span class='ocrx_word' id='word_1_87' title='bbox 345 1237 505 1307; x_wconf 88' lang='lat' dir='ltr'><strong>complexus</strong></span> <span class='ocrx_word' id='word_1_88' title='bbox 523 1236 592 1289; x_wconf 89' lang='lat' dir='ltr'><strong>duos</strong></span> <span class='ocrx_word' id='word_1_89' title='bbox 610 1234 684 1290; x_wconf 89' lang='lat' dir='ltr'><strong>filios</strong></span> <span class='ocrx_word' id='word_1_90' title='bbox 721 1240 892 1290; x_wconf 86' lang='lat' dir='ltr'><strong>raetextatos</strong></span> <span class='ocrx_word' id='word_1_91' title='bbox 910 1240 939 1289; x_wconf 90' lang='lat' dir='ltr'><strong>et</strong></span> <span class='ocrx_word' id='word_1_92' title='bbox 953 1233 1059 1303; x_wconf 88' lang='lat' dir='ltr'><strong>Sulpici</strong></span> <span class='ocrx_word' id='word_1_93' title='bbox 1077 1231 1156 1288; x_wconf 91' lang='lat' dir='ltr'><strong>Galli</strong></span> <span class='ocrx_word' id='word_1_94' title='bbox 1172 1231 1276 1299; x_wconf 86' lang='lat' dir='ltr'><strong>filium,</strong></span> <span class='ocrx_word' id='word_1_95' title='bbox 1294 1230 1356 1284; x_wconf 88' lang='lat' dir='ltr'><strong>cuius</strong></span> 
     </span>
     <span class='ocr_line' id='line_1_11' title="bbox 345 1300 1356 1374; baseline -0.009 -14"><span class='ocrx_word' id='word_1_96' title='bbox 345 1313 420 1361; x_wconf 86' lang='lat' dir='ltr'><strong>tutor</strong></span> <span class='ocrx_word' id='word_1_97' title='bbox 429 1310 499 1373; x_wconf 88' lang='lat' dir='ltr'><strong>erat,</strong></span> <span class='ocrx_word' id='word_1_98' title='bbox 514 1305 555 1358; x_wconf 90' lang='lat' dir='ltr'><strong>ita</strong></span> <span class='ocrx_word' id='word_1_99' title='bbox 563 1304 691 1359; x_wconf 88' lang='lat' dir='ltr'><strong>miserab&#39;</strong></span> <span class='ocrx_word' id='word_1_100' title='bbox 706 1310 760 1359; x_wconf 90' lang='lat' dir='ltr'><strong>iter</strong></span> <span class='ocrx_word' id='word_1_101' title='bbox 766 1320 818 1373; x_wconf 92' lang='lat' dir='ltr'><strong>pro</strong></span> <span class='ocrx_word' id='word_1_102' title='bbox 827 1321 858 1358; x_wconf 92' lang='lat' dir='ltr'><strong>se</strong></span> <span class='ocrx_word' id='word_1_103' title='bbox 867 1303 977 1357; x_wconf 85' lang='lat' dir='ltr'><strong>locutus</strong></span> <span class='ocrx_word' id='word_1_104' title='bbox 986 1308 1037 1371; x_wconf 89' lang='lat' dir='ltr'><strong>est,</strong></span> <span class='ocrx_word' id='word_1_105' title='bbox 1051 1306 1084 1356; x_wconf 89' lang='lat' dir='ltr'><strong>ut</strong></span> <span class='ocrx_word' id='word_1_106' title='bbox 1093 1301 1205 1374; x_wconf 87' lang='lat' dir='ltr'><strong>rogatio</strong></span> <span class='ocrx_word' id='word_1_107' title='bbox 1216 1300 1356 1371; x_wconf 84' lang='lat' dir='ltr'><strong>antiquare·</strong></span> 
     </span>
     <span class='ocr_line' id='line_1_12' title="bbox 344 1368 1357 1439; baseline -0.009 -10"><span class='ocrx_word' id='word_1_108' title='bbox 344 1381 398 1429; x_wconf 91' lang='lat' dir='ltr'><strong>tur.</strong></span> <span class='ocrx_word' id='word_1_109' title='bbox 426 1379 522 1429; x_wconf 82' lang='lat' dir='ltr'><strong>extant</strong></span> <span class='ocrx_word' id='word_1_110' title='bbox 530 1379 591 1427; x_wconf 83' lang='lat' dir='ltr'><strong>tres</strong></span> <span class='ocrx_word' id='word_1_111' title='bbox 606 1373 745 1427; x_wconf 88' lang='lat' dir='ltr'><strong>orationes</strong></span> <span class='ocrx_word' id='word_1_112' title='bbox 759 1371 831 1439; x_wconf 91' lang='lat' dir='ltr'><strong>eius,</strong></span> <span class='ocrx_word' id='word_1_113' title='bbox 847 1373 920 1427; x_wconf 89' lang='lat' dir='ltr'><strong>duae</strong></span> <span class='ocrx_word' id='word_1_114' title='bbox 933 1372 1065 1427; x_wconf 88' lang='lat' dir='ltr'><strong>adversus</strong></span> <span class='ocrx_word' id='word_1_115' title='bbox 1077 1370 1218 1425; x_wconf 86' lang='lat' dir='ltr'><strong>Libonem</strong></span> <span class='ocrx_word' id='word_1_116' title='bbox 1231 1368 1357 1423; x_wconf 85' lang='lat' dir='ltr'><strong>tribunum</strong></span> 
     </span>
     <span class='ocr_line' id='line_1_13' title="bbox 344 1435 1400 1522; baseline -0.009 -26"><span class='ocrx_word' id='word_1_117' title='bbox 344 1443 435 1513; x_wconf 88' lang='lat' dir='ltr'><strong>plebis</strong></span> <span class='ocrx_word' id='word_1_118' title='bbox 444 1442 673 1522; x_wconf 82' lang='lat' dir='ltr'><strong>rogationemque</strong></span> <span class='ocrx_word' id='word_1_119' title='bbox 684 1442 743 1496; x_wconf 89' lang='lat' dir='ltr'><strong>eius</strong></span> <span class='ocrx_word' id='word_1_120' title='bbox 753 1442 867 1496; x_wconf 88' lang='lat' dir='ltr'><strong>habitae</strong></span> <span class='ocrx_word' id='word_1_121' title='bbox 877 1442 912 1496; x_wconf 92' lang='lat' dir='ltr'><strong>de</strong></span> <span class='ocrx_word' id='word_1_122' title='bbox 921 1439 1073 1508; x_wconf 90' lang='lat' dir='ltr'><strong>Lusitanis,</strong></span> <span class='ocrx_word' id='word_1_123' title='bbox 1088 1456 1146 1493; x_wconf 90' lang='lat' dir='ltr'><strong>una</strong></span> <span class='ocrx_word' id='word_1_124' title='bbox 1155 1444 1254 1494; x_wconf 89' lang='lat' dir='ltr'><strong>contra</strong></span> <span class='ocrx_word' id='word_1_125' title='bbox 1262 1436 1294 1490; x_wconf 78' lang='lat' dir='ltr'><strong>Ii.</strong></span> <span class='ocrx_word' id='word_1_126' title='bbox 1303 1435 1355 1491; x_wconf 80' lang='lat' dir='ltr'><strong>Cor·</strong></span> <span class='ocrx_word' id='word_1_127' title='bbox 1394 1499 1400 1507; x_wconf 29' lang='grc'>1</span> 
     </span>
     <span class='ocr_line' id='line_1_14' title="bbox 345 1508 1356 1581; baseline -0.011 -15"><span class='ocrx_word' id='word_1_128' title='bbox 345 1512 449 1567; x_wconf 92' lang='lat' dir='ltr'><strong>nelium</strong></span> <span class='ocrx_word' id='word_1_129' title='bbox 458 1511 545 1567; x_wconf 79' lang='lat' dir='ltr'><strong>Cethe</strong></span> <span class='ocrx_word' id='word_1_130' title='bbox 568 1528 727 1580; x_wconf 88' lang='lat' dir='ltr'><strong>um,mqua</strong></span> <span class='ocrx_word' id='word_1_131' title='bbox 735 1510 887 1565; x_wconf 91' lang='lat' dir='ltr'><strong>Lusitanos</strong></span> <span class='ocrx_word' id='word_1_132' title='bbox 895 1527 983 1581; x_wconf 88' lang='lat' dir='ltr'><strong>prope</strong></span> <span class='ocrx_word' id='word_1_133' title='bbox 992 1526 1022 1565; x_wconf 88' lang='lat' dir='ltr'><strong>se</strong></span> <span class='ocrx_word' id='word_1_134' title='bbox 1032 1515 1125 1564; x_wconf 90' lang='lat' dir='ltr'><strong>castra</strong></span> <span class='ocrx_word' id='word_1_135' title='bbox 1133 1508 1266 1563; x_wconf 89' lang='lat' dir='ltr'><strong>habentis</strong></span> <span class='ocrx_word' id='word_1_136' title='bbox 1276 1522 1356 1560; x_wconf 90' lang='lat' dir='ltr'><strong>caesos</strong></span> 
     </span>
     <span class='ocr_line' id='line_1_15' title="bbox 344 1573 1399 1650; baseline -0.009 -15"><span class='ocrx_word' id='word_1_137' title='bbox 344 1581 461 1649; x_wconf 88' lang='lat' dir='ltr'><strong>fatetur,</strong></span> <span class='ocrx_word' id='word_1_138' title='bbox 481 1597 535 1650; x_wconf 93' lang='lat' dir='ltr'><strong>quo</strong></span> <span class='ocrx_word' id='word_1_139' title='bbox 573 1585 745 1648; x_wconf 89' lang='lat' dir='ltr'><strong>compertum</strong></span> <span class='ocrx_word' id='word_1_140' title='bbox 762 1579 905 1648; x_wconf 90' lang='lat' dir='ltr'><strong>habuerit,</strong></span> <span class='ocrx_word' id='word_1_141' title='bbox 924 1595 997 1650; x_wconf 90' lang='lat' dir='ltr'><strong>equo</strong></span> <span class='ocrx_word' id='word_1_142' title='bbox 1015 1584 1101 1648; x_wconf 88' lang='lat' dir='ltr'><strong>atque</strong></span> <span class='ocrx_word' id='word_1_143' title='bbox 1118 1577 1233 1632; x_wconf 89' lang='lat' dir='ltr'><strong>homine</strong></span> <span class='ocrx_word' id='word_1_144' title='bbox 1250 1590 1297 1629; x_wconf 90' lang='lat' dir='ltr'><strong>suo</strong></span> <span class='ocrx_word' id='word_1_145' title='bbox 1311 1573 1355 1627; x_wconf 86' lang='lat' dir='ltr'><strong>rita</strong></span> <span class='ocrx_word' id='word_1_146' title='bbox 1397 1637 1399 1642; x_wconf 8' lang='grc' dir='ltr'>η</span> 
     </span>
     <span class='ocr_line' id='line_1_16' title="bbox 289 1642 1399 1727; baseline -0.006 -24"><span class='ocrx_word' id='word_1_147' title='bbox 289 1711 292 1715; x_wconf 14' lang='grc' dir='ltr'><strong>Α</strong></span> <span class='ocrx_word' id='word_1_148' title='bbox 344 1648 493 1704; x_wconf 88' lang='lat' dir='ltr'><strong>immolatis</strong></span> <span class='ocrx_word' id='word_1_149' title='bbox 515 1665 567 1718; x_wconf 91' lang='lat' dir='ltr'><strong>per</strong></span> <span class='ocrx_word' id='word_1_150' title='bbox 589 1647 711 1727; x_wconf 86' lang='lat' dir='ltr'><strong>speciem</strong></span> <span class='ocrx_word' id='word_1_151' title='bbox 732 1648 810 1717; x_wconf 83' lang='lat' dir='ltr'><strong>pacis</strong></span> <span class='ocrx_word' id='word_1_152' title='bbox 833 1648 937 1702; x_wconf 90' lang='lat' dir='ltr'><strong>adoriri</strong></span> <span class='ocrx_word' id='word_1_153' title='bbox 960 1646 1111 1703; x_wconf 88' lang='lat' dir='ltr'><strong>exercitum</strong></span> <span class='ocrx_word' id='word_1_154' title='bbox 1133 1663 1215 1700; x_wconf 90' lang='lat' dir='ltr'><strong>suum</strong></span> <span class='ocrx_word' id='word_1_155' title='bbox 1232 1644 1261 1699; x_wconf 91' lang='lat' dir='ltr'><strong>in</strong></span> <span class='ocrx_word' id='word_1_156' title='bbox 1279 1642 1353 1699; x_wconf 87' lang='lat' dir='ltr'><strong>animo</strong></span> <span class='ocrx_word' id='word_1_157' title='bbox 1391 1681 1399 1713; x_wconf 88' lang='lat'>:</span> 
     </span>
     <span class='ocr_line' id='line_1_17' title="bbox 344 1710 1399 1786; baseline -0.005 -14"><span class='ocrx_word' id='word_1_158' title='bbox 344 1718 484 1772; x_wconf 88' lang='lat' dir='ltr'><strong>habuisse.</strong></span> <span class='ocrx_word' id='word_1_159' title='bbox 515 1717 670 1770; x_wconf 77' lang='lat' dir='ltr'><strong>Andriscus</strong></span> <span class='ocrx_word' id='word_1_160' title='bbox 688 1716 814 1786; x_wconf 87' lang='lat' dir='ltr'><strong>quidam,</strong></span> <span class='ocrx_word' id='word_1_161' title='bbox 833 1716 949 1771; x_wconf 89' lang='lat' dir='ltr'><strong>ultimae</strong></span> <span class='ocrx_word' id='word_1_162' title='bbox 968 1714 1049 1769; x_wconf 90' lang='lat' dir='ltr'><strong>sortis</strong></span> <span class='ocrx_word' id='word_1_163' title='bbox 1066 1716 1163 1784; x_wconf 93' lang='lat' dir='ltr'><strong>homo,</strong></span> <span class='ocrx_word' id='word_1_164' title='bbox 1181 1712 1279 1769; x_wconf 90' lang='lat' dir='ltr'><strong>Persei</strong></span> <span class='ocrx_word' id='word_1_165' title='bbox 1294 1729 1320 1767; x_wconf 90' lang='lat' dir='ltr'><strong>re</strong></span> <span class='ocrx_word' id='word_1_166' title='bbox 1338 1710 1343 1722; x_wconf 88' lang='lat'>&#39;</span> <span class='ocrx_word' id='word_1_167' title='bbox 1393 1771 1399 1780; x_wconf 66' lang='grc'><em>,</em></span> 
     </span>
     <span class='ocr_line' id='line_1_18' title="bbox 344 1782 1326 1860; baseline -0.006 -20"><span class='ocrx_word' id='word_1_168' title='bbox 344 1785 432 1840; x_wconf 93' lang='lat' dir='ltr'><strong>filium</strong></span> <span class='ocrx_word' id='word_1_169' title='bbox 441 1786 535 1840; x_wconf 89' lang='lat' dir='ltr'><strong>ferens</strong></span> <span class='ocrx_word' id='word_1_170' title='bbox 546 1790 602 1853; x_wconf 89' lang='lat' dir='ltr'><strong>[se]</strong></span> <span class='ocrx_word' id='word_1_171' title='bbox 613 1790 642 1860; x_wconf 86' lang='lat' dir='ltr'><strong>et</strong></span> <span class='ocrx_word' id='word_1_172' title='bbox 650 1790 757 1839; x_wconf 88' lang='lat' dir='ltr'><strong>mutato</strong></span> <span class='ocrx_word' id='word_1_173' title='bbox 766 1782 878 1838; x_wconf 92' lang='lat' dir='ltr'><strong>nomine</strong></span> <span class='ocrx_word' id='word_1_174' title='bbox 888 1783 982 1855; x_wconf 90' lang='lat' dir='ltr'><strong>Philip</strong></span> <span class='ocrx_word' id='word_1_175' title='bbox 1003 1801 1035 1838; x_wconf 91' lang='lat' dir='ltr'><strong>us</strong></span> <span class='ocrx_word' id='word_1_176' title='bbox 1044 1788 1170 1852; x_wconf 86' lang='lat' dir='ltr'><strong>vocatus,</strong></span> <span class='ocrx_word' id='word_1_177' title='bbox 1181 1800 1245 1837; x_wconf 88' lang='lat' dir='ltr'><strong>cum</strong></span> <span class='ocrx_word' id='word_1_178' title='bbox 1256 1782 1326 1836; x_wconf 92' lang='lat' dir='ltr'><strong>abur</strong></span> 
     </span>
     <span class='ocr_line' id='line_1_19' title="bbox 343 1849 1399 1924; baseline -0.007 -16"><span class='ocrx_word' id='word_1_179' title='bbox 343 1855 446 1921; x_wconf 87' lang='lat' dir='ltr'><strong>Roma,</strong></span> <span class='ocrx_word' id='word_1_180' title='bbox 466 1871 520 1924; x_wconf 92' lang='lat' dir='ltr'><strong>quo</strong></span> <span class='ocrx_word' id='word_1_181' title='bbox 534 1854 613 1909; x_wconf 92' lang='lat' dir='ltr'><strong>illum</strong></span> <span class='ocrx_word' id='word_1_182' title='bbox 625 1853 785 1908; x_wconf 90' lang='lat' dir='ltr'><strong>Demetrius</strong></span> <span class='ocrx_word' id='word_1_183' title='bbox 799 1852 899 1923; x_wconf 87' lang='lat' dir='ltr'><strong>Syriae</strong></span> <span class='ocrx_word' id='word_1_184' title='bbox 912 1870 990 1907; x_wconf 91' lang='lat' dir='ltr'><strong>rexo</strong></span> <span class='ocrx_word' id='word_1_185' title='bbox 1023 1853 1099 1908; x_wconf 90' lang='lat' dir='ltr'><strong>hoci</strong></span> <span class='ocrx_word' id='word_1_186' title='bbox 1120 1870 1182 1907; x_wconf 91' lang='lat' dir='ltr'><strong>sum</strong></span> <span class='ocrx_word' id='word_1_187' title='bbox 1194 1849 1352 1906; x_wconf 87' lang='lat' dir='ltr'><strong>mendacimu</strong></span> <span class='ocrx_word' id='word_1_188' title='bbox 1395 1913 1399 1920; x_wconf 37' lang='grc' dir='ltr'>Ι</span> 
     </span>
     <span class='ocr_line' id='line_1_20' title="bbox 343 1871 1352 1994; baseline -0.006 -18"><span class='ocrx_word' id='word_1_189' title='bbox 343 1923 470 1991; x_wconf 83' lang='lat' dir='ltr'><strong>miserat,</strong></span> <span class='ocrx_word' id='word_1_190' title='bbox 485 1922 557 1977; x_wconf 90' lang='lat' dir='ltr'><strong>clam</strong></span> <span class='ocrx_word' id='word_1_191' title='bbox 567 1922 749 1994; x_wconf 75' lang='lat' dir='ltr'><strong>profugisset,</strong></span> <span class='ocrx_word' id='word_1_192' title='bbox 763 1922 859 1975; x_wconf 88' lang='lat' dir='ltr'><strong>multis</strong></span> <span class='ocrx_word' id='word_1_193' title='bbox 869 1922 905 1976; x_wconf 90' lang='lat' dir='ltr'><strong>ad</strong></span> <span class='ocrx_word' id='word_1_194' title='bbox 913 1920 1016 1976; x_wconf 83' lang='lat' dir='ltr'><strong>falsam</strong></span> <span class='ocrx_word' id='word_1_195' title='bbox 1025 1922 1085 1976; x_wconf 87' lang='lat' dir='ltr'><strong>eius</strong></span> <span class='ocrx_word' id='word_1_196' title='bbox 1094 1871 1235 1990; x_wconf 59' lang='lat' dir='ltr'><strong>liubulam,</strong></span> <span class='ocrx_word' id='word_1_197' title='bbox 1249 1914 1352 1973; x_wconf 82' lang='lat' dir='ltr'><strong>velutad</strong></span> 
     </span>
     <span class='ocr_line' id='line_1_21' title="bbox 343 1986 1399 2059; baseline -0.007 -14"><span class='ocrx_word' id='word_1_198' title='bbox 343 2009 438 2046; x_wconf 86' lang='lat' dir='ltr'><strong>veram</strong></span> <span class='ocrx_word' id='word_1_199' title='bbox 448 1992 620 2059; x_wconf 88' lang='lat' dir='ltr'><strong>coeuntibus,</strong></span> <span class='ocrx_word' id='word_1_200' title='bbox 635 1996 777 2045; x_wconf 88' lang='lat' dir='ltr'><strong>contracto</strong></span> <span class='ocrx_word' id='word_1_201' title='bbox 787 1991 909 2045; x_wconf 88' lang='lat' dir='ltr'><strong>exercitu</strong></span> <span class='ocrx_word' id='word_1_202' title='bbox 918 1989 1209 2045; x_wconf 86' lang='lat' dir='ltr'><strong>totamMacedoniam</strong></span> <span class='ocrx_word' id='word_1_203' title='bbox 1219 1986 1351 2043; x_wconf 85' lang='lat' dir='ltr'><strong>autvolun·</strong></span> <span class='ocrx_word' id='word_1_204' title='bbox 1397 2025 1399 2030; x_wconf 86' lang='lat'><strong>.</strong></span> 
     </span>
     <span class='ocr_line' id='line_1_22' title="bbox 344 2054 1352 2129; baseline -0.007 -15"><span class='ocrx_word' id='word_1_205' title='bbox 344 2066 402 2114; x_wconf 87' lang='lat' dir='ltr'><strong>tate</strong></span> <span class='ocrx_word' id='word_1_206' title='bbox 417 2060 596 2114; x_wconf 82' lang='lat' dir='ltr'><strong>incolentium</strong></span> <span class='ocrx_word' id='word_1_207' title='bbox 611 2065 660 2113; x_wconf 89' lang='lat' dir='ltr'><strong>aut</strong></span> <span class='ocrx_word' id='word_1_208' title='bbox 674 2058 757 2113; x_wconf 91' lang='lat' dir='ltr'><strong>armis</strong></span> <span class='ocrx_word' id='word_1_209' title='bbox 767 2059 923 2129; x_wconf 85' lang='lat' dir='ltr'><strong>occupavit.</strong></span> <span class='ocrx_word' id='word_1_210' title='bbox 949 2059 1075 2113; x_wconf 83' lang='lat' dir='ltr'><strong>fabulam</strong></span> <span class='ocrx_word' id='word_1_211' title='bbox 1086 2065 1181 2113; x_wconf 90' lang='lat' dir='ltr'><strong>autem</strong></span> <span class='ocrx_word' id='word_1_212' title='bbox 1190 2058 1276 2112; x_wconf 86' lang='lat' dir='ltr'><strong>talem</strong></span> <span class='ocrx_word' id='word_1_213' title='bbox 1284 2054 1352 2109; x_wconf 85' lang='lat' dir='ltr'><strong>finxe-</strong></span> 
     </span>
     <span class='ocr_line' id='line_1_23' title="bbox 343 2123 1400 2200; baseline -0.004 -18"><span class='ocrx_word' id='word_1_214' title='bbox 343 2134 400 2182; x_wconf 86' lang='lat' dir='ltr'><strong>rat:</strong></span> <span class='ocrx_word' id='word_1_215' title='bbox 420 2145 452 2183; x_wconf 88' lang='lat' dir='ltr'><strong>er</strong></span> <span class='ocrx_word' id='word_1_216' title='bbox 466 2128 574 2197; x_wconf 89' lang='lat' dir='ltr'><strong>paelice</strong></span> <span class='ocrx_word' id='word_1_217' title='bbox 588 2146 617 2183; x_wconf 91' lang='lat' dir='ltr'><strong>se</strong></span> <span class='ocrx_word' id='word_1_218' title='bbox 631 2129 772 2183; x_wconf 86' lang='lat' dir='ltr'><strong>etPerseo</strong></span> <span class='ocrx_word' id='word_1_219' title='bbox 785 2145 852 2200; x_wconf 84' lang='lat' dir='ltr'><strong>rege</strong></span> <span class='ocrx_word' id='word_1_220' title='bbox 867 2134 957 2182; x_wconf 90' lang='lat' dir='ltr'><strong>ortum</strong></span> <span class='ocrx_word' id='word_1_221' title='bbox 970 2128 1104 2183; x_wconf 91' lang='lat' dir='ltr'><strong>traditum</strong></span> <span class='ocrx_word' id='word_1_222' title='bbox 1119 2127 1293 2182; x_wconf 85' lang='lat' dir='ltr'><strong>educandum</strong></span> <span class='ocrx_word' id='word_1_223' title='bbox 1302 2123 1352 2179; x_wconf 80' lang='lat' dir='ltr'><strong>Cre·</strong></span> <span class='ocrx_word' id='word_1_224' title='bbox 1388 2165 1400 2195; x_wconf 48' lang='grc'><strong>.-</strong></span> 
     </span>
     <span class='ocr_line' id='line_1_24' title="bbox 343 2194 1399 2266; baseline -0.004 -16"><span class='ocrx_word' id='word_1_225' title='bbox 343 2198 415 2251; x_wconf 87' lang='lat' dir='ltr'><strong>tensl</strong></span> <span class='ocrx_word' id='word_1_226' title='bbox 425 2195 535 2251; x_wconf 89' lang='lat' dir='ltr'><strong>cuidam</strong></span> <span class='ocrx_word' id='word_1_227' title='bbox 545 2214 614 2266; x_wconf 89' lang='lat' dir='ltr'><strong>esse,</strong></span> <span class='ocrx_word' id='word_1_228' title='bbox 628 2196 698 2251; x_wconf 89' lang='lat' dir='ltr'><strong>utin</strong></span> <span class='ocrx_word' id='word_1_229' title='bbox 706 2194 775 2251; x_wconf 90' lang='lat' dir='ltr'><strong>belli</strong></span> <span class='ocrx_word' id='word_1_230' title='bbox 785 2214 876 2265; x_wconf 90' lang='lat' dir='ltr'><strong>casus,</strong></span> <span class='ocrx_word' id='word_1_231' title='bbox 891 2197 966 2266; x_wconf 90' lang='lat' dir='ltr'><strong>quod</strong></span> <span class='ocrx_word' id='word_1_232' title='bbox 975 2197 1023 2252; x_wconf 90' lang='lat' dir='ltr'><strong>ille</strong></span> <span class='ocrx_word' id='word_1_233' title='bbox 1034 2214 1096 2251; x_wconf 89' lang='lat' dir='ltr'><strong>cum</strong></span> <span class='ocrx_word' id='word_1_234' title='bbox 1105 2195 1241 2249; x_wconf 89' lang='lat' dir='ltr'><strong>Romanis</strong></span> <span class='ocrx_word' id='word_1_235' title='bbox 1250 2196 1352 2266; x_wconf 76' lang='lat' dir='ltr'><strong>gereret</strong></span> <span class='ocrx_word' id='word_1_236' title='bbox 1391 2241 1399 2252; x_wconf 83' lang='grc'><em>,</em></span> 
     </span>
     <span class='ocr_line' id='line_1_25' title="bbox 343 2264 1400 2337; baseline -0.004 -18"><span class='ocrx_word' id='word_1_237' title='bbox 343 2265 458 2335; x_wconf 89' lang='lat' dir='ltr'><strong>aliquod</strong></span> <span class='ocrx_word' id='word_1_238' title='bbox 467 2266 543 2320; x_wconf 86' lang='lat' dir='ltr'><strong>velut</strong></span> <span class='ocrx_word' id='word_1_239' title='bbox 551 2283 646 2320; x_wconf 90' lang='lat' dir='ltr'><strong>semen</strong></span> <span class='ocrx_word' id='word_1_240' title='bbox 655 2265 748 2335; x_wconf 88' lang='lat' dir='ltr'><strong>stirpis</strong></span> <span class='ocrx_word' id='word_1_241' title='bbox 758 2264 855 2337; x_wconf 87' lang='lat' dir='ltr'><strong>regiae</strong></span> <span class='ocrx_word' id='word_1_242' title='bbox 865 2272 980 2321; x_wconf 88' lang='lat' dir='ltr'><strong>extaret.</strong></span> <span class='ocrx_word' id='word_1_243' title='bbox 1008 2264 1353 2335; x_wconf 86' lang='lat' dir='ltr'><strong>Adramyttiseeducatun</strong></span> <span class='ocrx_word' id='word_1_244' title='bbox 1391 2303 1400 2334; x_wconf 91' lang='lat'>:</span> 
     </span>
     <span class='ocr_line' id='line_1_26' title="bbox 342 2333 1392 2405; baseline -0.005 -18"><span class='ocrx_word' id='word_1_245' title='bbox 342 2351 430 2404; x_wconf 89' lang='lat' dir='ltr'><strong>usque</strong></span> <span class='ocrx_word' id='word_1_246' title='bbox 440 2335 477 2388; x_wconf 92' lang='lat' dir='ltr'><strong>ad</strong></span> <span class='ocrx_word' id='word_1_247' title='bbox 486 2334 679 2389; x_wconf 89' lang='lat' dir='ltr'><strong>duodecimum</strong></span> <span class='ocrx_word' id='word_1_248' title='bbox 688 2334 789 2389; x_wconf 89' lang='lat' dir='ltr'><strong>aetatis</strong></span> <span class='ocrx_word' id='word_1_249' title='bbox 799 2352 911 2403; x_wconf 90' lang='lat' dir='ltr'><strong>annum,</strong></span> <span class='ocrx_word' id='word_1_250' title='bbox 921 2340 1031 2405; x_wconf 89' lang='lat' dir='ltr'><strong>patrem</strong></span> <span class='ocrx_word' id='word_1_251' title='bbox 1040 2351 1104 2389; x_wconf 89' lang='lat' dir='ltr'><strong>eum</strong></span> <span class='ocrx_word' id='word_1_252' title='bbox 1113 2351 1174 2389; x_wconf 89' lang='lat' dir='ltr'><strong>esse</strong></span> <span class='ocrx_word' id='word_1_253' title='bbox 1184 2333 1354 2398; x_wconf 84' lang='lat' dir='ltr'><strong>credentema</strong></span> <span class='ocrx_word' id='word_1_254' title='bbox 1390 2372 1392 2380; x_wconf 94' lang='lat'><strong>.</strong></span> 
     </span>
     <span class='ocr_line' id='line_1_27' title="bbox 343 2402 1399 2482; baseline 0.001 -25"><span class='ocrx_word' id='word_1_255' title='bbox 343 2420 397 2473; x_wconf 91' lang='lat' dir='ltr'><strong>quo</strong></span> <span class='ocrx_word' id='word_1_256' title='bbox 407 2404 580 2471; x_wconf 89' lang='lat' dir='ltr'><strong>educaretur,</strong></span> <span class='ocrx_word' id='word_1_257' title='bbox 590 2403 720 2474; x_wconf 87' lang='lat' dir='ltr'><strong>ignarum</strong></span> <span class='ocrx_word' id='word_1_258' title='bbox 729 2402 839 2482; x_wconf 86' lang='lat' dir='ltr'><strong>generis</strong></span> <span class='ocrx_word' id='word_1_259' title='bbox 849 2402 935 2458; x_wconf 79' lang='lat' dir='ltr'><strong>fuisse</strong></span> <span class='ocrx_word' id='word_1_260' title='bbox 945 2403 996 2456; x_wconf 87' lang='lat' dir='ltr'><strong>sui.</strong></span> <span class='ocrx_word' id='word_1_261' title='bbox 1019 2402 1132 2458; x_wconf 85' lang='lat' dir='ltr'><strong>adfecto</strong></span> <span class='ocrx_word' id='word_1_262' title='bbox 1142 2402 1246 2457; x_wconf 90' lang='lat' dir='ltr'><strong>deinde</strong></span> <span class='ocrx_word' id='word_1_263' title='bbox 1255 2417 1296 2469; x_wconf 90' lang='lat' dir='ltr'><strong>eo,</strong></span> <span class='ocrx_word' id='word_1_264' title='bbox 1305 2413 1354 2454; x_wconf 83' lang='lat' dir='ltr'><strong>cun</strong></span> <span class='ocrx_word' id='word_1_265' title='bbox 1393 2443 1399 2458; x_wconf 86' lang='lat'><strong>-.</strong></span> 
     </span>
     <span class='ocr_line' id='line_1_28' title="bbox 341 2469 1354 2542; baseline -0.005 -16"><span class='ocrx_word' id='word_1_266' title='bbox 341 2488 429 2542; x_wconf 88' lang='lat' dir='ltr'><strong>prope</strong></span> <span class='ocrx_word' id='word_1_267' title='bbox 440 2473 475 2525; x_wconf 87' lang='lat' dir='ltr'><strong>ad</strong></span> <span class='ocrx_word' id='word_1_268' title='bbox 485 2472 611 2525; x_wconf 90' lang='lat' dir='ltr'><strong>ultimum</strong></span> <span class='ocrx_word' id='word_1_269' title='bbox 620 2470 704 2525; x_wconf 89' lang='lat' dir='ltr'><strong>finem</strong></span> <span class='ocrx_word' id='word_1_270' title='bbox 714 2477 788 2526; x_wconf 89' lang='lat' dir='ltr'><strong>vitae</strong></span> <span class='ocrx_word' id='word_1_271' title='bbox 800 2477 882 2539; x_wconf 89' lang='lat' dir='ltr'><strong>esset,</strong></span> <span class='ocrx_word' id='word_1_272' title='bbox 896 2472 1037 2527; x_wconf 88' lang='lat' dir='ltr'><strong>detectam</strong></span> <span class='ocrx_word' id='word_1_273' title='bbox 1046 2470 1100 2525; x_wconf 91' lang='lat' dir='ltr'><strong>sibi</strong></span> <span class='ocrx_word' id='word_1_274' title='bbox 1109 2471 1226 2526; x_wconf 90' lang='lat' dir='ltr'><strong>tandem</strong></span> <span class='ocrx_word' id='word_1_275' title='bbox 1236 2469 1354 2541; x_wconf 78' lang='lat' dir='ltr'><strong>originem</strong></span> 
     </span>
     <span class='ocr_line' id='line_1_29' title="bbox 342 2539 1399 2612; baseline -0.001 -19"><span class='ocrx_word' id='word_1_276' title='bbox 342 2558 421 2593; x_wconf 88' lang='lat' dir='ltr'><strong>suam</strong></span> <span class='ocrx_word' id='word_1_277' title='bbox 434 2540 579 2610; x_wconf 78' lang='lat' dir='ltr'><strong>falsaeque</strong></span> <span class='ocrx_word' id='word_1_278' title='bbox 593 2539 676 2595; x_wconf 89' lang='lat' dir='ltr'><strong>matri</strong></span> <span class='ocrx_word' id='word_1_279' title='bbox 688 2539 815 2595; x_wconf 91' lang='lat' dir='ltr'><strong>libellum</strong></span> <span class='ocrx_word' id='word_1_280' title='bbox 830 2540 927 2594; x_wconf 89' lang='lat' dir='ltr'><strong>datum</strong></span> <span class='ocrx_word' id='word_1_281' title='bbox 937 2540 1017 2612; x_wconf 86' lang='lat' dir='ltr'><strong>signo</strong></span> <span class='ocrx_word' id='word_1_282' title='bbox 1026 2539 1125 2595; x_wconf 89' lang='lat' dir='ltr'><strong>Persei</strong></span> <span class='ocrx_word' id='word_1_283' title='bbox 1133 2539 1210 2611; x_wconf 90' lang='lat' dir='ltr'><strong>regis</strong></span> <span class='ocrx_word' id='word_1_284' title='bbox 1220 2540 1354 2610; x_wconf 78' lang='lat' dir='ltr'><strong>signatum,</strong></span> <span class='ocrx_word' id='word_1_285' title='bbox 1397 2599 1399 2604; x_wconf 25' lang='lat'><strong><em>¹</em></strong></span> 
     </span>
     <span class='ocr_line' id='line_1_30' title="bbox 343 2603 1400 2679; baseline -0.004 -17"><span class='ocrx_word' id='word_1_286' title='bbox 343 2626 425 2679; x_wconf 91' lang='lat' dir='ltr'><strong>quem</strong></span> <span class='ocrx_word' id='word_1_287' title='bbox 440 2608 493 2662; x_wconf 88' lang='lat' dir='ltr'><strong>sibi</strong></span> <span class='ocrx_word' id='word_1_288' title='bbox 506 2609 643 2676; x_wconf 89' lang='lat' dir='ltr'><strong>traderet,</strong></span> <span class='ocrx_word' id='word_1_289' title='bbox 659 2626 722 2663; x_wconf 90' lang='lat' dir='ltr'><strong>cuin</strong></span> <span class='ocrx_word' id='word_1_290' title='bbox 736 2609 771 2663; x_wconf 91' lang='lat' dir='ltr'><strong>ad</strong></span> <span class='ocrx_word' id='word_1_291' title='bbox 785 2609 922 2678; x_wconf 89' lang='lat' dir='ltr'><strong>puberem</strong></span> <span class='ocrx_word' id='word_1_292' title='bbox 932 2614 1055 2664; x_wconf 86' lang='lat' dir='ltr'><strong>aetatem</strong></span> <span class='ocrx_word' id='word_1_293' title='bbox 1063 2608 1197 2677; x_wconf 87' lang='lat' dir='ltr'><strong>venisset,</strong></span> <span class='ocrx_word' id='word_1_294' title='bbox 1209 2603 1354 2663; x_wconf 80' lang='lat' dir='ltr'><strong>obtestatio</strong></span> <span class='ocrx_word' id='word_1_295' title='bbox 1391 2607 1400 2678; x_wconf 44' lang='lat' dir='ltr'><strong>,ss</strong></span> 
     </span>
     <span class='ocr_line' id='line_1_31' title="bbox 341 2677 1399 2747; baseline 0.001 -17"><span class='ocrx_word' id='word_1_296' title='bbox 341 2694 447 2747; x_wconf 90' lang='lat' dir='ltr'><strong>nesque</strong></span> <span class='ocrx_word' id='word_1_297' title='bbox 461 2677 574 2731; x_wconf 90' lang='lat' dir='ltr'><strong>ultimas</strong></span> <span class='ocrx_word' id='word_1_298' title='bbox 590 2677 729 2745; x_wconf 89' lang='lat' dir='ltr'><strong>adiectas,</strong></span> <span class='ocrx_word' id='word_1_299' title='bbox 744 2682 776 2731; x_wconf 91' lang='lat' dir='ltr'><strong>ut</strong></span> <span class='ocrx_word' id='word_1_300' title='bbox 788 2677 871 2733; x_wconf 87' lang='lat' dir='ltr'><strong>resin</strong></span> <span class='ocrx_word' id='word_1_301' title='bbox 881 2678 990 2732; x_wconf 91' lang='lat' dir='ltr'><strong>occulto</strong></span> <span class='ocrx_word' id='word_1_302' title='bbox 1000 2677 1037 2733; x_wconf 89' lang='lat' dir='ltr'><strong>ad</strong></span> <span class='ocrx_word' id='word_1_303' title='bbox 1046 2677 1075 2731; x_wconf 91' lang='lat' dir='ltr'><strong>id</strong></span> <span class='ocrx_word' id='word_1_304' title='bbox 1085 2682 1196 2747; x_wconf 86' lang='lat' dir='ltr'><strong>tempus</strong></span> <span class='ocrx_word' id='word_1_305' title='bbox 1206 2679 1354 2732; x_wconf 73' lang='lat' dir='ltr'><strong>servaretur.</strong></span> <span class='ocrx_word' id='word_1_306' title='bbox 1394 2680 1399 2732; x_wconf 36' lang='lat' dir='ltr'><strong>..i</strong></span> 
     </span>
     <span class='ocr_line' id='line_1_32' title="bbox 340 2742 1357 2817; baseline -0.003 -19"><span class='ocrx_word' id='word_1_307' title='bbox 340 2745 505 2815; x_wconf 89' lang='lat' dir='ltr'><strong>pubescenti</strong></span> <span class='ocrx_word' id='word_1_308' title='bbox 521 2745 648 2800; x_wconf 90' lang='lat' dir='ltr'><strong>libellum</strong></span> <span class='ocrx_word' id='word_1_309' title='bbox 665 2745 811 2815; x_wconf 88' lang='lat' dir='ltr'><strong>traditum,</strong></span> <span class='ocrx_word' id='word_1_310' title='bbox 828 2746 858 2799; x_wconf 91' lang='lat' dir='ltr'><strong>in</strong></span> <span class='ocrx_word' id='word_1_311' title='bbox 877 2762 931 2817; x_wconf 90' lang='lat' dir='ltr'><strong>quo</strong></span> <span class='ocrx_word' id='word_1_312' title='bbox 948 2745 1040 2802; x_wconf 88' lang='lat' dir='ltr'><strong>relicti</strong></span> <span class='ocrx_word' id='word_1_313' title='bbox 1057 2745 1112 2800; x_wconf 90' lang='lat' dir='ltr'><strong>sibi</strong></span> <span class='ocrx_word' id='word_1_314' title='bbox 1125 2746 1181 2800; x_wconf 91' lang='lat' dir='ltr'><strong>duo</strong></span> <span class='ocrx_word' id='word_1_315' title='bbox 1195 2742 1357 2801; x_wconf 73' lang='lat' dir='ltr'><strong>thensauris</strong></span> 
     </span>
     <span class='ocr_line' id='line_1_33' title="bbox 341 2813 1399 2885; baseline 0.006 -19"><span class='ocrx_word' id='word_1_316' title='bbox 341 2819 422 2882; x_wconf 89' lang='lat' dir='ltr'><strong>patre</strong></span> <span class='ocrx_word' id='word_1_317' title='bbox 438 2813 604 2867; x_wconf 87' lang='lat' dir='ltr'><strong>dicerentur.</strong></span> <span class='ocrx_word' id='word_1_318' title='bbox 630 2814 799 2869; x_wconf 90' lang='lat' dir='ltr'><strong>tumscienti</strong></span> <span class='ocrx_word' id='word_1_319' title='bbox 807 2815 953 2871; x_wconf 91' lang='lat' dir='ltr'><strong>mulierem</strong></span> <span class='ocrx_word' id='word_1_320' title='bbox 961 2831 1023 2871; x_wconf 89' lang='lat' dir='ltr'><strong>sese</strong></span> <span class='ocrx_word' id='word_1_321' title='bbox 1033 2813 1177 2869; x_wconf 89' lang='lat' dir='ltr'><strong>subditum</strong></span> <span class='ocrx_word' id='word_1_322' title='bbox 1187 2832 1262 2885; x_wconf 90' lang='lat' dir='ltr'><strong>esse,</strong></span> <span class='ocrx_word' id='word_1_323' title='bbox 1277 2826 1356 2869; x_wconf 75' lang='lat' dir='ltr'><strong>veram</strong></span> <span class='ocrx_word' id='word_1_324' title='bbox 1396 2853 1399 2873; x_wconf 80' lang='grc'>,</span> 
     </span>
     <span class='ocr_line' id='line_1_34' title="bbox 342 2877 1400 2965; baseline 0.002 -32"><span class='ocrx_word' id='word_1_325' title='bbox 342 2881 456 2949; x_wconf 88' lang='lat' dir='ltr'><strong>stirpem</strong></span> <span class='ocrx_word' id='word_1_326' title='bbox 469 2880 610 2951; x_wconf 87' lang='lat' dir='ltr'><strong>ignoranti</strong></span> <span class='ocrx_word' id='word_1_327' title='bbox 624 2882 743 2938; x_wconf 87' lang='lat' dir='ltr'><strong>edidisse</strong></span> <span class='ocrx_word' id='word_1_328' title='bbox 778 2901 847 2938; x_wconf 90' lang='lat' dir='ltr'><strong>enus</strong></span> <span class='ocrx_word' id='word_1_329' title='bbox 861 2889 946 2953; x_wconf 88' lang='lat' dir='ltr'><strong>atque</strong></span> <span class='ocrx_word' id='word_1_330' title='bbox 960 2883 1144 2953; x_wconf 86' lang='lat' dir='ltr'><strong>obtestatam,</strong></span> <span class='ocrx_word' id='word_1_331' title='bbox 1159 2888 1192 2938; x_wconf 89' lang='lat' dir='ltr'><strong>ut</strong></span> <span class='ocrx_word' id='word_1_332' title='bbox 1201 2884 1279 2965; x_wconf 87' lang='lat' dir='ltr'><strong>prius</strong></span> <span class='ocrx_word' id='word_1_333' title='bbox 1288 2893 1356 2953; x_wconf 80' lang='lat' dir='ltr'><strong>quani</strong></span> <span class='ocrx_word' id='word_1_334' title='bbox 1397 2877 1400 2891; x_wconf 85' lang='lat'>‘</span> 
     </span>
     <span class='ocr_line' id='line_1_35' title="bbox 341 2948 1395 3021; baseline 0 -20"><span class='ocrx_word' id='word_1_335' title='bbox 341 2954 468 3003; x_wconf 90' lang='lat' dir='ltr'><strong>manaret</strong></span> <span class='ocrx_word' id='word_1_336' title='bbox 478 2949 514 3003; x_wconf 90' lang='lat' dir='ltr'><strong>ad</strong></span> <span class='ocrx_word' id='word_1_337' title='bbox 522 2948 669 3004; x_wconf 87' lang='lat' dir='ltr'><strong>Eumenen</strong></span> <span class='ocrx_word' id='word_1_338' title='bbox 677 2968 730 3019; x_wconf 89' lang='lat' dir='ltr'><strong>res,</strong></span> <span class='ocrx_word' id='word_1_339' title='bbox 771 2968 849 3007; x_wconf 88' lang='lat' dir='ltr'><strong>erseo</strong></span> <span class='ocrx_word' id='word_1_340' title='bbox 859 2951 1013 3021; x_wconf 89' lang='lat' dir='ltr'><strong>inimicum,</strong></span> <span class='ocrx_word' id='word_1_341' title='bbox 1030 2953 1178 3007; x_wconf 88' lang='lat' dir='ltr'><strong>excederet</strong></span> <span class='ocrx_word' id='word_1_342' title='bbox 1188 2970 1230 3009; x_wconf 89' lang='lat' dir='ltr'><strong>eis</strong></span> <span class='ocrx_word' id='word_1_343' title='bbox 1239 2952 1356 3018; x_wconf 81' lang='lat' dir='ltr'><strong>locis,nr</strong></span> <span class='ocrx_word' id='word_1_344' title='bbox 1393 3005 1395 3010; x_wconf 68' lang='grc'>,</span> 
     </span>
     <span class='ocr_line' id='line_1_36' title="bbox 342 3015 1395 3091; baseline 0.002 -21"><span class='ocrx_word' id='word_1_345' title='bbox 342 3015 551 3071; x_wconf 90' lang='lat' dir='ltr'><strong>interficeretur.</strong></span> <span class='ocrx_word' id='word_1_346' title='bbox 580 3034 614 3072; x_wconf 88' lang='lat' dir='ltr'><strong>eo</strong></span> <span class='ocrx_word' id='word_1_347' title='bbox 628 3035 658 3073; x_wconf 89' lang='lat' dir='ltr'><strong>se</strong></span> <span class='ocrx_word' id='word_1_348' title='bbox 668 3020 840 3089; x_wconf 90' lang='lat' dir='ltr'><strong>exterritum,</strong></span> <span class='ocrx_word' id='word_1_349' title='bbox 855 3020 937 3074; x_wconf 89' lang='lat' dir='ltr'><strong>simul</strong></span> <span class='ocrx_word' id='word_1_350' title='bbox 945 3026 1107 3090; x_wconf 86' lang='lat' dir='ltr'><strong>sperantem</strong></span> <span class='ocrx_word' id='word_1_351' title='bbox 1117 3020 1356 3091; x_wconf 87' lang='lat' dir='ltr'><strong>aliquodaDenie·</strong></span> <span class='ocrx_word' id='word_1_352' title='bbox 1393 3061 1395 3066; x_wconf 56' lang='grc'>,</span> 
     </span>
     <span class='ocr_line' id='line_1_37' title="bbox 340 3085 1399 3162; baseline 0.006 -24"><span class='ocrx_word' id='word_1_353' title='bbox 340 3085 394 3139; x_wconf 90' lang='lat' dir='ltr'><strong>trio</strong></span> <span class='ocrx_word' id='word_1_354' title='bbox 404 3085 549 3154; x_wconf 78' lang='lat' dir='ltr'><strong>auxilium,</strong></span> <span class='ocrx_word' id='word_1_355' title='bbox 564 3085 594 3140; x_wconf 92' lang='lat' dir='ltr'><strong>in</strong></span> <span class='ocrx_word' id='word_1_356' title='bbox 604 3085 713 3157; x_wconf 86' lang='lat' dir='ltr'><strong>Syriam</strong></span> <span class='ocrx_word' id='word_1_357' title='bbox 722 3106 752 3144; x_wconf 90' lang='lat' dir='ltr'><strong>se</strong></span> <span class='ocrx_word' id='word_1_358' title='bbox 763 3088 913 3144; x_wconf 90' lang='lat' dir='ltr'><strong>contulisse</strong></span> <span class='ocrx_word' id='word_1_359' title='bbox 923 3093 1008 3161; x_wconf 89' lang='lat' dir='ltr'><strong>atque</strong></span> <span class='ocrx_word' id='word_1_360' title='bbox 1017 3089 1057 3145; x_wconf 92' lang='lat' dir='ltr'><strong>ibi</strong></span> <span class='ocrx_word' id='word_1_361' title='bbox 1065 3090 1200 3161; x_wconf 90' lang='lat' dir='ltr'><strong>primum,</strong></span> <span class='ocrx_word' id='word_1_362' title='bbox 1217 3090 1279 3161; x_wconf 82' lang='lat' dir='ltr'><strong>quia</strong></span> <span class='ocrx_word' id='word_1_363' title='bbox 1288 3088 1355 3155; x_wconf 65' lang='lat' dir='ltr'><strong>essct,</strong></span> <span class='ocrx_word' id='word_1_364' title='bbox 1396 3114 1399 3162; x_wconf 65' lang='grc' dir='ltr'><strong><em>ς</em></strong></span> 
     </span>
    </p>

    <p class='ocr_par' dir='ltr' id='par_1_3' title="bbox 297 3154 924 3278">
     <span class='ocr_line' id='line_1_38' title="bbox 339 3154 720 3225; baseline 0.003 -16"><span class='ocrx_word' id='word_1_365' title='bbox 339 3154 435 3225; x_wconf 87' lang='lat' dir='ltr'><strong>palam</strong></span> <span class='ocrx_word' id='word_1_366' title='bbox 444 3171 604 3225; x_wconf 87' lang='lat' dir='ltr'><strong>expromere</strong></span> <span class='ocrx_word' id='word_1_367' title='bbox 615 3172 720 3210; x_wconf 87' lang='lat' dir='ltr'><strong>ausum.</strong></span> 
     </span>
     <span class='ocr_line' id='line_1_39' title="bbox 297 3236 924 3278; baseline 0 0"><span class='ocrx_word' id='word_1_368' title='bbox 297 3247 301 3252; x_wconf 94' lang='lat'>·</span> <span class='ocrx_word' id='word_1_369' title='bbox 784 3236 823 3277; x_wconf 85' lang='lat' dir='ltr'><strong>nx</strong></span> <span class='ocrx_word' id='word_1_370' title='bbox 831 3238 888 3277; x_wconf 75' lang='lat' dir='ltr'><strong>tis.</strong></span> <span class='ocrx_word' id='word_1_371' title='bbox 898 3239 924 3278; x_wconf 78' lang='lat' dir='ltr'><strong>n.</strong></span> 
     </span>
    </p>

    <p class='ocr_par' dir='ltr' id='par_1_4' title="bbox 280 3291 1400 4391">
     <span class='ocr_line' id='line_1_40' title="bbox 391 3291 1357 3366; baseline 0 -21"><span class='ocrx_word' id='word_1_372' title='bbox 391 3291 553 3359; x_wconf 86' lang='lat' dir='ltr'><strong>Thessalia,</strong></span> <span class='ocrx_word' id='word_1_373' title='bbox 569 3310 632 3347; x_wconf 90' lang='lat' dir='ltr'><strong>cum</strong></span> <span class='ocrx_word' id='word_1_374' title='bbox 642 3298 670 3349; x_wconf 90' lang='lat' dir='ltr'><strong>et</strong></span> <span class='ocrx_word' id='word_1_375' title='bbox 678 3292 757 3347; x_wconf 90' lang='lat' dir='ltr'><strong>illam</strong></span> <span class='ocrx_word' id='word_1_376' title='bbox 766 3294 898 3351; x_wconf 85' lang='lat' dir='ltr'><strong>invadere</strong></span> <span class='ocrx_word' id='word_1_377' title='bbox 909 3296 992 3349; x_wconf 90' lang='lat' dir='ltr'><strong>armis</strong></span> <span class='ocrx_word' id='word_1_378' title='bbox 1003 3299 1087 3366; x_wconf 90' lang='lat' dir='ltr'><strong>atque</strong></span> <span class='ocrx_word' id='word_1_379' title='bbox 1097 3312 1167 3352; x_wconf 88' lang='lat' dir='ltr'><strong>occu</strong></span> <span class='ocrx_word' id='word_1_380' title='bbox 1188 3314 1238 3353; x_wconf 89' lang='lat' dir='ltr'><strong>are</strong></span> <span class='ocrx_word' id='word_1_381' title='bbox 1248 3294 1357 3352; x_wconf 85' lang='lat' dir='ltr'><strong>Pseudo·</strong></span> 
     </span>
     <span class='ocr_line' id='line_1_41' title="bbox 339 3316 1400 3479; baseline 0.005 -67"><span class='ocrx_word' id='word_1_382' title='bbox 339 3358 482 3479; x_wconf 60' lang='lat' dir='ltr'><strong>philippus</strong></span> <span class='ocrx_word' id='word_1_383' title='bbox 495 3361 593 3440; x_wconf 80' lang='lat' dir='ltr'><strong>vellet,</strong></span> <span class='ocrx_word' id='word_1_384' title='bbox 611 3378 662 3431; x_wconf 89' lang='lat' dir='ltr'><strong>per</strong></span> <span class='ocrx_word' id='word_1_385' title='bbox 674 3362 700 3416; x_wconf 93' lang='lat' dir='ltr'><strong>le</strong></span> <span class='ocrx_word' id='word_1_386' title='bbox 720 3368 784 3441; x_wconf 35' lang='lat' dir='ltr'><strong>&#39;atos</strong></span> <span class='ocrx_word' id='word_1_387' title='bbox 796 3362 986 3418; x_wconf 88' lang='lat' dir='ltr'><strong>Romanorum</strong></span> <span class='ocrx_word' id='word_1_388' title='bbox 1000 3365 1111 3419; x_wconf 87' lang='lat' dir='ltr'><strong>auxiliis</strong></span> <span class='ocrx_word' id='word_1_389' title='bbox 1124 3316 1304 3421; x_wconf 50' lang='lat' dir='ltr'><strong>Achaeorum</strong></span> <span class='ocrx_word' id='word_1_390' title='bbox 1319 3364 1355 3416; x_wconf 85' lang='lat' dir='ltr'><strong>de·</strong></span> <span class='ocrx_word' id='word_1_391' title='bbox 1397 3358 1400 3373; x_wconf 79' lang='lat'><strong>¹</strong></span> 
     </span>
     <span class='ocr_line' id='line_1_42' title="bbox 352 3427 1356 3515; baseline 0.004 -34"><span class='ocrx_word' id='word_1_392' title='bbox 352 3444 420 3481; x_wconf 86' lang='lat' dir='ltr'><strong>ensa</strong></span> <span class='ocrx_word' id='word_1_393' title='bbox 433 3433 484 3482; x_wconf 88' lang='lat' dir='ltr'><strong>est.</strong></span> <span class='ocrx_word' id='word_1_394' title='bbox 501 3427 686 3511; x_wconf 31' lang='lat' dir='ltr'><strong>&#39;Prusiasrex</strong></span> <span class='ocrx_word' id='word_1_395' title='bbox 718 3431 773 3511; x_wconf 38' lang='lat' dir='ltr'><strong>ith·</strong></span> <span class='ocrx_word' id='word_1_396' title='bbox 800 3433 856 3500; x_wconf 81' lang='lat' dir='ltr'><strong>&#39;ae‚</strong></span> <span class='ocrx_word' id='word_1_397' title='bbox 872 3433 994 3487; x_wconf 91' lang='lat' dir='ltr'><strong>omnium</strong></span> <span class='ocrx_word' id='word_1_398' title='bbox 1007 3434 1283 3506; x_wconf 85' lang='lat' dir='ltr'><strong>humillimorumque</strong></span> <span class='ocrx_word' id='word_1_399' title='bbox 1291 3430 1356 3515; x_wconf 59' lang='lat' dir='ltr'><strong>ritio-</strong></span> 
     </span>
     <span class='ocr_line' id='line_1_43' title="bbox 338 3496 1356 3642; baseline 0.007 -26"><span class='ocrx_word' id='word_1_400' title='bbox 338 3496 710 3642; x_wconf 56' lang='lat' dir='ltr'><strong>illisitffiltlhdliffl,</strong></span> <span class='ocrx_word' id='word_1_401' title='bbox 726 3501 995 3639; x_wconf 58' lang='lat' dir='ltr'><strong>{ululssnllpliiili</strong></span> <span class='ocrx_word' id='word_1_402' title='bbox 1009 3503 1356 3628; x_wconf 63' lang='lat' dir='ltr'><strong>{fittl&#39;ttttttth</strong></span> 
     </span>
     <span class='ocr_line' id='line_1_44' title="bbox 339 3630 1355 3712; baseline 0.014 -29"><span class='ocrx_word' id='word_1_403' title='bbox 339 3630 471 3711; x_wconf 79' lang='lat' dir='ltr'><strong>habuisse</strong></span> <span class='ocrx_word' id='word_1_404' title='bbox 488 3648 574 3686; x_wconf 90' lang='lat' dir='ltr'><strong>unum</strong></span> <span class='ocrx_word' id='word_1_405' title='bbox 592 3652 623 3688; x_wconf 89' lang='lat' dir='ltr'><strong>os</strong></span> <span class='ocrx_word' id='word_1_406' title='bbox 641 3635 785 3690; x_wconf 87' lang='lat' dir='ltr'><strong>continens</strong></span> <span class='ocrx_word' id='word_1_407' title='bbox 804 3637 913 3691; x_wconf 86' lang='lat' dir='ltr'><strong>dieitur.</strong></span> <span class='ocrx_word' id='word_1_408' title='bbox 941 3655 1004 3692; x_wconf 91' lang='lat' dir='ltr'><strong>cum</strong></span> <span class='ocrx_word' id='word_1_409' title='bbox 1021 3645 1079 3694; x_wconf 91' lang='lat' dir='ltr'><strong>tres</strong></span> <span class='ocrx_word' id='word_1_410' title='bbox 1092 3641 1207 3712; x_wconf 87' lang='lat' dir='ltr'><strong>legatos</strong></span> <span class='ocrx_word' id='word_1_411' title='bbox 1221 3642 1261 3695; x_wconf 89' lang='lat' dir='ltr'><strong>ad</strong></span> <span class='ocrx_word' id='word_1_412' title='bbox 1272 3651 1355 3711; x_wconf 68' lang='lat' dir='ltr'><strong>paoem</strong></span> 
     </span>
     <span class='ocr_line' id='line_1_45' title="bbox 338 3698 1355 3785; baseline 0.008 -34"><span class='ocrx_word' id='word_1_413' title='bbox 338 3703 412 3753; x_wconf 87' lang='lat' dir='ltr'><strong>inter</strong></span> <span class='ocrx_word' id='word_1_414' title='bbox 420 3698 592 3782; x_wconf 72' lang='lat' dir='ltr'><strong>Nicpmedeu</strong></span> <span class='ocrx_word' id='word_1_415' title='bbox 601 3703 767 3782; x_wconf 77' lang='lat' dir='ltr'><strong>etPrusiain</strong></span> <span class='ocrx_word' id='word_1_416' title='bbox 775 3705 936 3760; x_wconf 83' lang='lat' dir='ltr'><strong>faciendam</strong></span> <span class='ocrx_word' id='word_1_417' title='bbox 946 3708 983 3761; x_wconf 90' lang='lat' dir='ltr'><strong>ad</strong></span> <span class='ocrx_word' id='word_1_418' title='bbox 991 3706 1135 3785; x_wconf 81' lang='lat' dir='ltr'><strong>Romapos</strong></span> <span class='ocrx_word' id='word_1_419' title='bbox 1144 3709 1296 3778; x_wconf 86' lang='lat' dir='ltr'><strong>misissent,</strong></span> <span class='ocrx_word' id='word_1_420' title='bbox 1305 3719 1355 3761; x_wconf 81' lang='lat' dir='ltr'><strong>enin</strong></span> 
     </span>
     <span class='ocr_line' id='line_1_46' title="bbox 338 3770 1356 3849; baseline 0.009 -29"><span class='ocrx_word' id='word_1_421' title='bbox 338 3781 410 3820; x_wconf 89' lang='lat' dir='ltr'><strong>unus</strong></span> <span class='ocrx_word' id='word_1_422' title='bbox 420 3785 453 3823; x_wconf 89' lang='lat' dir='ltr'><strong>ex</strong></span> <span class='ocrx_word' id='word_1_423' title='bbox 462 3786 496 3822; x_wconf 88' lang='lat' dir='ltr'><strong>us</strong></span> <span class='ocrx_word' id='word_1_424' title='bbox 504 3770 599 3824; x_wconf 87' lang='lat' dir='ltr'><strong>multis</strong></span> <span class='ocrx_word' id='word_1_425' title='bbox 609 3771 786 3827; x_wconf 79' lang='lat' dir='ltr'><strong>cicatricibus</strong></span> <span class='ocrx_word' id='word_1_426' title='bbox 795 3790 924 3843; x_wconf 87' lang='lat' dir='ltr'><strong>sparsum</strong></span> <span class='ocrx_word' id='word_1_427' title='bbox 933 3782 1019 3845; x_wconf 89' lang='lat' dir='ltr'><strong>caput</strong></span> <span class='ocrx_word' id='word_1_428' title='bbox 1027 3777 1156 3844; x_wconf 92' lang='lat' dir='ltr'><strong>haberet,</strong></span> <span class='ocrx_word' id='word_1_429' title='bbox 1167 3778 1243 3833; x_wconf 92' lang='lat' dir='ltr'><strong>alter</strong></span> <span class='ocrx_word' id='word_1_430' title='bbox 1251 3773 1356 3849; x_wconf 82' lang='lat' dir='ltr'><strong>peditis</strong></span> 
     </span>
     <span class='ocr_line' id='line_1_47' title="bbox 340 3837 1400 3916; baseline 0.01 -25"><span class='ocrx_word' id='word_1_431' title='bbox 340 3851 425 3916; x_wconf 73' lang='lat' dir='ltr'><strong>aeger</strong></span> <span class='ocrx_word' id='word_1_432' title='bbox 442 3842 528 3907; x_wconf 90' lang='lat' dir='ltr'><strong>esset,</strong></span> <span class='ocrx_word' id='word_1_433' title='bbox 547 3839 645 3894; x_wconf 90' lang='lat' dir='ltr'><strong>tertius</strong></span> <span class='ocrx_word' id='word_1_434' title='bbox 663 3839 775 3911; x_wconf 84' lang='lat' dir='ltr'><strong>ingenio</strong></span> <span class='ocrx_word' id='word_1_435' title='bbox 795 3858 888 3896; x_wconf 88' lang='lat' dir='ltr'><strong>socors</strong></span> <span class='ocrx_word' id='word_1_436' title='bbox 905 3844 1070 3914; x_wconf 86' lang='lat' dir='ltr'><strong>haberetur,</strong></span> <span class='ocrx_word' id='word_1_437' title='bbox 1090 3845 1161 3900; x_wconf 86' lang='lat' dir='ltr'><strong>dixit</strong></span> <span class='ocrx_word' id='word_1_438' title='bbox 1173 3845 1248 3902; x_wconf 80' lang='lat' dir='ltr'><strong>Cato</strong></span> <span class='ocrx_word' id='word_1_439' title='bbox 1267 3841 1355 3901; x_wconf 68' lang='lat' dir='ltr'><strong>camin</strong></span> <span class='ocrx_word' id='word_1_440' title='bbox 1398 3837 1400 3847; x_wconf 74' lang='grc'>’</span> 
     </span>
     <span class='ocr_line' id='line_1_48' title="bbox 340 3902 1357 3987; baseline 0.01 -31"><span class='ocrx_word' id='word_1_441' title='bbox 340 3902 521 3987; x_wconf 81' lang='lat' dir='ltr'><strong>legationem,</strong></span> <span class='ocrx_word' id='word_1_442' title='bbox 535 3923 587 3962; x_wconf 90' lang='lat' dir='ltr'><strong>nec</strong></span> <span class='ocrx_word' id='word_1_443' title='bbox 597 3914 683 3987; x_wconf 77' lang='lat' dir='ltr'><strong>caput</strong></span> <span class='ocrx_word' id='word_1_444' title='bbox 692 3926 743 3963; x_wconf 88' lang='lat' dir='ltr'><strong>nec</strong></span> <span class='ocrx_word' id='word_1_445' title='bbox 752 3910 839 3979; x_wconf 88' lang='lat' dir='ltr'><strong>pedes</strong></span> <span class='ocrx_word' id='word_1_446' title='bbox 848 3929 901 3966; x_wconf 86' lang='lat' dir='ltr'><strong>nec</strong></span> <span class='ocrx_word' id='word_1_447' title='bbox 910 3913 1081 3969; x_wconf 87' lang='lat' dir='ltr'><strong>corhabere.</strong></span> <span class='ocrx_word' id='word_1_448' title='bbox 1100 3914 1129 3968; x_wconf 89' lang='lat' dir='ltr'><strong>in</strong></span> <span class='ocrx_word' id='word_1_449' title='bbox 1140 3913 1239 3987; x_wconf 88' lang='lat' dir='ltr'><strong>Syria,</strong></span> <span class='ocrx_word' id='word_1_450' title='bbox 1254 3923 1357 3986; x_wconf 77' lang='lat' dir='ltr'><strong>quaeso</strong></span> 
     </span>
     <span class='ocr_line' id='line_1_49' title="bbox 339 3977 1355 4095; baseline 0.013 -71"><span class='ocrx_word' id='word_1_451' title='bbox 339 3977 463 4095; x_wconf 59' lang='lat' dir='ltr'><strong>tefflore</strong></span> <span class='ocrx_word' id='word_1_452' title='bbox 472 3980 558 4045; x_wconf 92' lang='lat' dir='ltr'><strong>stirpe</strong></span> <span class='ocrx_word' id='word_1_453' title='bbox 567 3992 679 4046; x_wconf 86' lang='lat' dir='ltr'><strong>generis</strong></span> <span class='ocrx_word' id='word_1_454' title='bbox 687 3994 784 4045; x_wconf 89' lang='lat' dir='ltr'><strong>parem</strong></span> <span class='ocrx_word' id='word_1_455' title='bbox 793 3979 855 4051; x_wconf 84' lang='lat' dir='ltr'><strong>regi</strong></span> <span class='ocrx_word' id='word_1_456' title='bbox 863 3980 1058 4052; x_wconf 85' lang='lat' dir='ltr'><strong>Macedonum,</strong></span> <span class='ocrx_word' id='word_1_457' title='bbox 1072 3981 1176 4038; x_wconf 89' lang='lat' dir='ltr'><strong>inertia</strong></span> <span class='ocrx_word' id='word_1_458' title='bbox 1185 3983 1355 4050; x_wconf 74' lang='lat' dir='ltr'><strong>socordiaque</strong></span> 
     </span>
     <span class='ocr_line' id='line_1_50' title="bbox 339 4042 1355 4131; baseline 0.012 -39"><span class='ocrx_word' id='word_1_459' title='bbox 339 4057 362 4092; x_wconf 91' lang='lat' dir='ltr'><strong>si</strong></span> <span class='ocrx_word' id='word_1_460' title='bbox 406 4058 455 4121; x_wconf 31' lang='lat' dir='ltr'><strong>‘em</strong></span> <span class='ocrx_word' id='word_1_461' title='bbox 464 4042 582 4098; x_wconf 89' lang='lat' dir='ltr'><strong>Prusiae</strong></span> <span class='ocrx_word' id='word_1_462' title='bbox 595 4060 692 4115; x_wconf 87' lang='lat' dir='ltr'><strong>regem</strong></span> <span class='ocrx_word' id='word_1_463' title='bbox 701 4045 838 4116; x_wconf 88' lang='lat' dir='ltr'><strong>habebat,</strong></span> <span class='ocrx_word' id='word_1_464' title='bbox 850 4047 960 4104; x_wconf 88' lang='lat' dir='ltr'><strong>iacente</strong></span> <span class='ocrx_word' id='word_1_465' title='bbox 970 4067 1005 4105; x_wconf 92' lang='lat' dir='ltr'><strong>eo</strong></span> <span class='ocrx_word' id='word_1_466' title='bbox 1013 4048 1044 4105; x_wconf 91' lang='lat' dir='ltr'><strong>in</strong></span> <span class='ocrx_word' id='word_1_467' title='bbox 1053 4068 1148 4131; x_wconf 84' lang='lat' dir='ltr'><strong>ganea</strong></span> <span class='ocrx_word' id='word_1_468' title='bbox 1157 4056 1187 4107; x_wconf 89' lang='lat' dir='ltr'><strong>et</strong></span> <span class='ocrx_word' id='word_1_469' title='bbox 1196 4051 1290 4107; x_wconf 89' lang='lat' dir='ltr'><strong>lustris</strong></span> <span class='ocrx_word' id='word_1_470' title='bbox 1297 4050 1355 4104; x_wconf 76' lang='lat' dir='ltr'><strong>Am-</strong></span> 
     </span>
     <span class='ocr_line' id='line_1_51' title="bbox 338 4112 1353 4199; baseline 0.014 -38"><span class='ocrx_word' id='word_1_471' title='bbox 338 4124 447 4191; x_wconf 76' lang='lat' dir='ltr'><strong>monius</strong></span> <span class='ocrx_word' id='word_1_472' title='bbox 455 4112 609 4182; x_wconf 84' lang='lat' dir='ltr'><strong>regnabat,</strong></span> <span class='ocrx_word' id='word_1_473' title='bbox 623 4129 764 4193; x_wconf 74' lang='lat' dir='ltr'><strong>perquem</strong></span> <span class='ocrx_word' id='word_1_474' title='bbox 774 4120 803 4170; x_wconf 89' lang='lat' dir='ltr'><strong>et</strong></span> <span class='ocrx_word' id='word_1_475' title='bbox 812 4116 895 4170; x_wconf 88' lang='lat' dir='ltr'><strong>amici</strong></span> <span class='ocrx_word' id='word_1_476' title='bbox 905 4135 999 4173; x_wconf 88' lang='lat' dir='ltr'><strong>omnes</strong></span> <span class='ocrx_word' id='word_1_477' title='bbox 1007 4136 1085 4199; x_wconf 84' lang='lat' dir='ltr'><strong>regis</strong></span> <span class='ocrx_word' id='word_1_478' title='bbox 1094 4126 1124 4174; x_wconf 92' lang='lat' dir='ltr'><strong>et</strong></span> <span class='ocrx_word' id='word_1_479' title='bbox 1132 4119 1260 4176; x_wconf 87' lang='lat' dir='ltr'><strong>Laodice</strong></span> <span class='ocrx_word' id='word_1_480' title='bbox 1269 4116 1353 4189; x_wconf 68' lang='lat' dir='ltr'><strong>regim</strong></span> 
     </span>
     <span class='ocr_line' id='line_1_52' title="bbox 339 4177 1352 4256; baseline 0.009 -26"><span class='ocrx_word' id='word_1_481' title='bbox 339 4183 368 4231; x_wconf 88' lang='lat' dir='ltr'><strong>et</strong></span> <span class='ocrx_word' id='word_1_482' title='bbox 380 4177 540 4256; x_wconf 55' lang='lat' dir='ltr'><strong>antigonus</strong></span> <span class='ocrx_word' id='word_1_483' title='bbox 552 4179 679 4234; x_wconf 87' lang='lat' dir='ltr'><strong>Demetri</strong></span> <span class='ocrx_word' id='word_1_484' title='bbox 696 4180 771 4235; x_wconf 88' lang='lat' dir='ltr'><strong>filius</strong></span> <span class='ocrx_word' id='word_1_485' title='bbox 789 4184 872 4238; x_wconf 90' lang='lat' dir='ltr'><strong>occisi</strong></span> <span class='ocrx_word' id='word_1_486' title='bbox 886 4192 958 4240; x_wconf 87' lang='lat' dir='ltr'><strong>sunt.</strong></span> <span class='ocrx_word' id='word_1_487' title='bbox 985 4186 1137 4242; x_wconf 84' lang='lat' dir='ltr'><strong>Masinissa</strong></span> <span class='ocrx_word' id='word_1_488' title='bbox 1150 4189 1300 4246; x_wconf 87' lang='lat' dir='ltr'><strong>Numidiae</strong></span> <span class='ocrx_word' id='word_1_489' title='bbox 1314 4198 1352 4239; x_wconf 73' lang='lat' dir='ltr'><strong>rex</strong></span> 
     </span>
     <span class='ocr_line' id='line_1_53' title="bbox 280 4247 1352 4327; baseline 0.008 -29"><span class='ocrx_word' id='word_1_490' title='bbox 280 4273 285 4280; x_wconf 90' lang='lat'>·</span> <span class='ocrx_word' id='word_1_491' title='bbox 338 4261 427 4298; x_wconf 89' lang='lat' dir='ltr'><strong>maior</strong></span> <span class='ocrx_word' id='word_1_492' title='bbox 434 4247 590 4317; x_wconf 88' lang='lat' dir='ltr'><strong>nonaginta</strong></span> <span class='ocrx_word' id='word_1_493' title='bbox 599 4249 679 4327; x_wconf 85' lang='lat' dir='ltr'><strong>annis</strong></span> <span class='ocrx_word' id='word_1_494' title='bbox 689 4249 816 4321; x_wconf 80' lang='lat' dir='ltr'><strong>decessit,</strong></span> <span class='ocrx_word' id='word_1_495' title='bbox 830 4253 1008 4327; x_wconf 82' lang='lat' dir='ltr'><strong>virinsignis.</strong></span> <span class='ocrx_word' id='word_1_496' title='bbox 1034 4256 1109 4312; x_wconf 88' lang='lat' dir='ltr'><strong>inter</strong></span> <span class='ocrx_word' id='word_1_497' title='bbox 1121 4263 1218 4314; x_wconf 87' lang='lat' dir='ltr'><strong>cetera</strong></span> <span class='ocrx_word' id='word_1_498' title='bbox 1227 4250 1352 4313; x_wconf 72' lang='lat' dir='ltr'><strong>iuvenilia</strong></span> 
     </span>
     <span class='ocr_line' id='line_1_54' title="bbox 339 4315 1353 4391; baseline 0.009 -26"><span class='ocrx_word' id='word_1_499' title='bbox 339 4327 437 4383; x_wconf 90' lang='lat' dir='ltr'><strong>opera,</strong></span> <span class='ocrx_word' id='word_1_500' title='bbox 453 4331 524 4385; x_wconf 87' lang='lat' dir='ltr'><strong>quae</strong></span> <span class='ocrx_word' id='word_1_501' title='bbox 540 4315 576 4369; x_wconf 90' lang='lat' dir='ltr'><strong>ad</strong></span> <span class='ocrx_word' id='word_1_502' title='bbox 590 4315 715 4370; x_wconf 90' lang='lat' dir='ltr'><strong>ultimum</strong></span> <span class='ocrx_word' id='word_1_503' title='bbox 730 4319 829 4391; x_wconf 89' lang='lat' dir='ltr'><strong>edidit,</strong></span> <span class='ocrx_word' id='word_1_504' title='bbox 846 4322 918 4377; x_wconf 91' lang='lat' dir='ltr'><strong>adeo</strong></span> <span class='ocrx_word' id='word_1_505' title='bbox 928 4324 1012 4379; x_wconf 92' lang='lat' dir='ltr'><strong>etiam</strong></span> <span class='ocrx_word' id='word_1_506' title='bbox 1021 4323 1143 4381; x_wconf 88' lang='lat' dir='ltr'><strong>Veneris</strong></span> <span class='ocrx_word' id='word_1_507' title='bbox 1153 4327 1353 4381; x_wconf 80' lang='lat' dir='ltr'><strong>usuinseneeta</strong></span> 
     </span>
    </p>
   </div>
   <div class='ocr_carea' id='block_1_3' title="bbox 0 0 1684 5092">
    <p class='ocr_par' dir='ltr' id='par_1_5' title="bbox 0 0 1684 5092">
     <span class='ocr_line' id='line_1_55' title="bbox 0 0 1684 5092; baseline 0 2"><span class='ocrx_word' id='word_1_508' title='bbox 0 0 1684 5092; x_wconf 95' lang='lat' dir='ltr'><strong> </strong></span> 
     </span>
    </p>
   </div>
  </div>
 </body>
</html>
