3359 5092
358 535 421 605 188
563 546 681 606 nmen
697 547 855 619 xxxxv,
874 548 917 603 38.
931 548 974 602 ιι.
995 547 1182 617 [assues]

356 710 580 794 imperatorem
602 707 782 793 triumphus
803 706 901 771 faciet
918 740 974 783 —‚
998 705 1136 770 miiitum
1154 707 1257 794 magis
1273 705 1304 772 in
1318 707 1363 774 hoc

325 828 340 877 6
358 803 561 886 universique
583 802 694 888 popuii
711 801 850 867 Romani
867 800 956 865 fama
977 801 1097 887 agitur,
1124 802 1264 887 primum
1279 826 1316 869 ne
1329 804 1364 867 in-

357 897 463 963 vidiae
488 908 520 963 et
544 896 662 983 ingrati
688 896 785 961 animi
808 896 962 962 adversus
991 895 1203 961 clarissimum
1228 918 1365 981 quemque

358 992 461 1057 civem
479 990 661 1078 opinionem
677 990 795 1056 habeat
808 1001 840 1056 et
857 990 974 1056 imitari
991 991 1024 1055 in
1042 991 1103 1057 boc
1121 993 1276 1079 populum
1284 993 1366 1056 Athe

356 1087 514 1161 niensem,
546 1085 741 1151 lacerantem
772 1085 894 1150 invidia
923 1085 1083 1172 principes
1109 1108 1200 1163 suos,
1231 1086 1365 1152 videatur.

324 1207 338 1254 t
357 1181 433 1246 satis
450 1190 619 1267 peccatum
641 1180 676 1245 in
693 1178 832 1246 Camillo
850 1203 869 1244 a
886 1180 1060 1246 maioribus
1077 1182 1191 1246 vestris
1210 1193 1272 1258 est,
1289 1203 1367 1265 quen

357 1286 466 1342 tamen
483 1285 557 1339 ante
574 1285 737 1361 receptam
754 1297 812 1360 per
829 1297 904 1340 eum
922 1298 941 1339 a
960 1274 1064 1342 Gallis
1082 1276 1196 1341 urbem
1213 1277 1366 1353 violarum

356 1371 433 1435 satis
455 1370 587 1456 insuper
608 1367 659 1455 [a]
678 1369 770 1434 vobis
793 1369 827 1434 in
844 1368 883 1433 P.
902 1369 1068 1435 Afiicano.
1113 1369 1239 1435 Literni
1256 1369 1368 1435 domici·

357 1466 436 1530 lium
450 1476 483 1530 et
497 1465 606 1530 sedern
620 1464 720 1529 fuisse
734 1463 897 1529 domitoris
906 1464 1050 1543 Africae,
1068 1464 1193 1529 Literni
1206 1466 1367 1553 sepulcrum

323 1586 339 1634 8
357 1559 482 1626 ostendi
500 1559 734 1624 erubescamus.
771 1558 875 1644 gloria
892 1558 933 1623 sit
949 1582 1009 1644 par
1024 1559 1086 1624 illis
1104 1560 1181 1624 viris
1196 1559 1237 1624 L.
1252 1560 1366 1635 Paulus,

357 1655 474 1720 iniuria
495 1665 601 1720 vestra
620 1651 691 1740 [ne]
715 1666 920 1738 exaequetur.
964 1655 1044 1720 haec
1065 1654 1163 1740 igitur
1180 1656 1317 1741 primum
1331 1653 1368 1717 in·

357 1749 456 1815 famia
480 1748 637 1826 deleatur,
663 1749 760 1814 foeda
782 1759 861 1835 aput
882 1749 961 1814 alias
983 1761 1111 1836 gentes,
1138 1750 1292 1814 damnosa
1308 1759 1369 1835 aput

324 1868 339 1916 9
357 1854 492 1909 nostros.
538 1844 610 1927 quis
632 1843 719 1909 enim
742 1854 798 1907 aut
814 1843 963 1908 Africani
986 1855 1041 1908 aut
1057 1844 1153 1909 Pauli
1172 1845 1282 1909 similis
1301 1842 1368 1929 [esse

307 1961 340 2009 10
357 1935 405 2024 in]
433 1938 560 2024 ingrata
586 1948 618 2003 et
647 1937 776 2003 inimica
801 1938 894 2003 bonis
921 1939 1050 2004 civitate
1076 1940 1172 2005 velit?
1198 1940 1226 2005 si
1254 1938 1369 2004 infamia

357 2033 445 2097 nulla
463 2043 546 2097 esset
563 2043 595 2097 et
613 2033 652 2098 de
669 2034 773 2120 gloria
790 2043 916 2098 tantum
933 2045 1091 2120 ageretur,
1108 2034 1166 2118 qui
1183 2035 1311 2100 tandem
1326 2033 1369 2097 tri-

358 2126 497 2213 umphus
515 2149 579 2192 non
597 2149 799 2193 communem
816 2129 953 2193 nominis
963 2129 1101 2193 Romani
1117 2130 1255 2215 gloriam
1272 2126 1368 2192 habet?

309 2239 340 2286 11
358 2231 406 2285 tot
426 2220 467 2286 de
490 2219 595 2287 Gallis
617 2222 785 2308 triumphi,
812 2233 860 2287 tot
881 2223 921 2289 de
939 2222 1107 2309 Hispanis,
1134 2235 1182 2288 tot
1205 2224 1245 2288 de
1268 2220 1367 2287 Poenis

357 2318 499 2405 ipsorum
520 2329 645 2383 tantum
666 2319 896 2404 imperatorum
919 2343 961 2383 an
986 2319 1097 2405 populi
1114 2318 1255 2384 Romani
1276 2318 1368 2382 dieun-

358 2414 429 2477 tur?
447 2412 716 2497 quemadmodum
734 2434 799 2477 non
817 2413 858 2479 de
875 2412 1002 2498 Pyrrho
1020 2413 1115 2478 modo
1132 2434 1193 2478 nec
1211 2413 1253 2479 de
1262 2408 1368 2477 Hanni·

358 2507 441 2585 bale,
460 2509 517 2572 sed
533 2508 574 2573 de
592 2506 732 2594 Epirotis
749 2505 1131 2593 Carthaginiensibusque
1150 2518 1183 2572 et
1199 2502 1369 2572 Macedoni·

358 2601 420 2666 bus
441 2601 594 2687 triumphi
617 2601 680 2667 acti
703 2613 792 2678 sunt,
816 2601 863 2666 sic
885 2623 950 2666 non
967 2601 1027 2665 Μ’.
1047 2599 1166 2666 Curius
1185 2612 1308 2666 tantum
1323 2617 1368 2663 ιιι

309 2714 340 2762 12
356 2694 397 2760 P.
409 2693 592 2773 Cornelius,
612 2696 668 2762 sed
677 2696 816 2762 Romani
831 2695 1078 2782 triumpharunt..
1105 2695 1244 2760 militum
1259 2694 1368 2780 quiden

358 2789 486 2875 propria
510 2801 559 2853 est
576 2811 687 2876 causa,
710 2790 767 2874 qui
788 2800 821 2855 et
842 2790 904 2876 ipsi
925 2790 1061 2855 laureati
1083 2800 1116 2855 et
1136 2787 1230 2875 [suis]
1252 2789 1368 2874 quisque

358 2883 450 2948 donis
481 2882 597 2966 quibus
624 2884 734 2948 donati
760 2895 835 2949 sunt
864 2884 1006 2971 insignes
1035 2884 1235 2970 triumphum
1260 2881 1368 2948 nomin

359 2977 477 3044 cientes
491 2998 629 3086 suasque
643 2989 675 3044 et
690 2978 891 3064 imperatoris
911 2978 1022 3044 laudes
1037 2989 1187 3043 canentes
1204 2999 1264 3064 per
1276 2976 1368 3042 urben
1391 2975 1395 2982 '

312 3086 344 3137 13
357 3071 520 3137 incedunt.
566 3071 593 3136 si
613 3072 743 3156 quando
765 3094 831 3138 non
856 3072 1014 3158 deportati
1031 3095 1072 3138 ex
1088 3071 1256 3158 provincia
1273 3069 1366 3136 miliar
1387 3133 1395 3162 ,Ι

358 3166 401 3230 sd
418 3164 614 3253 triumphum
632 3176 721 3244 sunt,
747 3165 904 3243 fremunt,
932 3177 964 3231 et
986 3178 1094 3232 tamen
1116 3176 1186 3230 tum
1209 3179 1395 3251 quoquest
1391 3205 1395 3216 ·

358 3259 508 3337 absentis,
526 3260 613 3343 quod
627 3261 692 3325 suis
708 3259 856 3325 manibus
871 3271 963 3347 parta
976 3259 1109 3325 victoria
1122 3258 1366 3346 sit,trinmpharo
1389 3249 1396 3318 ι

309 3368 342 3417 14
359 3353 502 3419 credunt.
537 3353 565 3417 si
583 3354 654 3438 quis
672 3376 730 3419 vos
748 3354 932 3441 interroget,
949 3355 1075 3431 milites,
1094 3355 1137 3418 ad
1153 3375 1254 3465 quam
1270 3375 1331 3419 rem
1342 3348 1396 3434 io
1388 3327 1396 3392 ¹

358 3447 484 3513 Italiam
500 3445 658 3532 deportati
675 3460 706 3515 et
724 3471 789 3513 non
803 3450 912 3514 statim
926 3449 1072 3514 confecta
1088 3450 1255 3535 provincia
1268 3439 1366 3514 dimisi
1389 3443 1396 3464 ‘

360 3540 441 3616 sitis,
463 3540 542 3651 quid
559 3541 697 3608 Romam
718 3543 902 3627 frequentes
920 3543 1028 3608 sub
1003 3542 1103 3629 srgnis
1121 3544 1288 3622 veneritis,
1309 3533 1365 3626 quid

359 3634 526 3700 moremini
547 3634 599 3700 hic
622 3648 654 3701 et
675 3659 742 3702 non
763 3638 881 3703 diversi
904 3639 1016 3703 domos
1038 3637 1175 3722 quisque
1194 3637 1312 3704 abeatis
1326 3653 1365 3697 ve·

360 3739 456 3807 atras,
488 3729 568 3814 quid
594 3730 682 3796 eliud
708 3732 928 3819 respondeatis
945 3753 1052 3816 ¹quam
1080 3753 1137 3797 vos
1164 3723 1365 3819 triumphanti!

360 3822 463 3889 videri
478 3825 580 3890 velle?
602 3847 660 3891 vos
684 3837 770 3891 certe
792 3826 929 3892 victores
947 3825 1089 3913 conspici
1110 3826 1195 3892 velle
1212 3820 1365 3893 debebatis

361 3917 592 4029 tpiumphatum
614 3942 717 4006 nuper
740 3919 781 3986 de
802 3919 954 4007 Philippo
976 3936 1067 4007 patre
1089 3919 1186 3986 huius
1209 3932 1242 3986 et
1263 3921 1301 3986 de
1316 3918 1368 3983 An·

327 4122 341 4170 1
360 4013 649 4176 dooffivffl·
675 4109 784 4174 Ambo
796 4109 985 4196 regnabant,
1004 4131 1078 4175 cum
1098 4109 1139 4175 de
1156 4108 1198 4174 iis
1214 4105 1368 4194 triumphs·

361 4213 429 4267 tum
447 4215 505 4269 est.
532 4204 573 4270 de
590 4203 711 4272 Perseo
729 4216 832 4289 capto,
850 4204 885 4269 in
901 4204 1015 4270 urbem
1033 4225 1107 4270 cum
1124 4204 1232 4270 liberis
1251 4204 1369 4269 abduco
1394 4233 1395 4290 q

327 4317 427 4366 anon
448 4299 715 4388 triumphabitur?
741 4299 857 4383 quodsi
878 4299 912 4364 in
934 4321 1030 4366 curru
1052 4300 1234 4367 scandentis
1259 4296 1370 4384 Capito·
