3359 5092
541 521 1110 598 ursusxxm‚25.uc.[nc.1u]
1301 514 1344 582 25

300 681 514 750 nisProxeni
526 693 627 758 eraut,
644 701 719 745 cum
732 681 855 747 reditus
867 682 902 747 in
918 683 1054 769 patriam
1071 685 1246 770 promissus
1260 697 1343 751 esset

302 777 455 862 fidesque
477 776 555 842 data
575 797 633 862 per
655 775 831 861 principem
849 777 985 842 civiutis
1002 777 1232 863 Eupolemum,
1255 791 1377 849 octo-t

307 873 398 960 ginta
415 871 571 935 inlustres
587 869 744 948 homines,
759 871 876 955 quibus
889 871 1095 937 redeuntibus
1109 874 1192 939 inter
1205 885 1344 940 ceteram

309 965 551 1034 multitudinem
558 963 757 1051 Eupolemus
775 966 871 1030 etiam
889 966 1002 1031 obvius
1020 967 1150 1044 exierat,
1168 989 1241 1032 cunr
1259 968 1344 1033 salu·

307 1062 429 1129 tatione
453 1059 598 1146 benigna
618 1060 743 1145 excepti
765 1072 872 1126 essent
894 1061 1088 1145 dextraeque
1106 1061 1214 1141 datae,
1236 1063 1344 1147 ingre·

308 1155 435 1221 dientes
461 1167 605 1241 portam,
628 1153 726 1219 fidem
749 1154 858 1218 datam
880 1155 1021 1239 deosque
1042 1155 1131 1222 testis
1148 1156 1343 1240 nequiquam

308 1251 500 1315 invocantes
517 1247 677 1314 interfecti
690 1260 775 1313 sunt.
800 1248 875 1314 inde
888 1249 1019 1335 gravius
1034 1250 1074 1314 de
1086 1251 1211 1335 integro
1224 1250 1344 1314 bellum
1363 1262 1377 1310 5

314 1345 440 1410 uureit.
488 1340 529 1409 C.
547 1343 696 1409 Valerius
713 1342 878 1408 Laevinus
896 1354 929 1409 et
945 1344 1011 1428 Ap.
1030 1341 1187 1408 Claudius
1204 1342 1346 1409 Pulcher

285 1481 293 1506 .·
317 1451 344 1504 et
360 1436 401 1504 C.
415 1437 596 1503 Memmius
614 1448 646 1503 et
662 1437 712 1503 Μ.
726 1436 884 1523 Popillius
902 1449 934 1503 et
951 1437 993 1502 L.
1009 1435 1183 1504 Canuleius
1201 1439 1289 1503 missi
1303 1438 1345 1503 ab

285 1545 300 1608 t
320 1544 426 1599 teuatu
443 1543 610 1598 venerant.
651 1543 728 1617 aput
745 1553 799 1597 ecs
818 1554 892 1597 cum
908 1532 1045 1618 Delphis
1063 1534 1230 1617 utriusque
1246 1534 1345 1620 partis
1364 1544 1378 1591 6

285 1651 301 1706 :5
321 1625 410 1713 legati
427 1647 551 1711 magno
569 1626 741 1691 certamine
760 1637 908 1711 egerunt,
924 1625 1093 1691 Proxenus
1115 1628 1254 1693 maxime
1271 1649 1346 1692 cum

285 1725 303 1829 q
322 1733 501 1796 curatum
515 1719 694 1803 eloquentia
710 1731 873 1805 praestare
886 1720 974 1785 visus
992 1732 1055 1797 est;
1074 1722 1129 1804 qui
1140 1743 1260 1807 paucos
1274 1732 1347 1807 post

289 1843 301 1888 r
324 1814 381 1882 lies
394 1816 438 1881 ab
449 1812 637 1880 Orthobula
649 1836 749 1880 uxore
762 1836 885 1880 veneno
900 1827 950 1880 est
962 1816 1118 1894 sublatus,
1133 1817 1347 1899 damnumque

285 1913 354 1994 ἐξω
377 1909 515 1976 crimine
537 1909 572 1974 in
597 1908 727 1973 exilium
754 1909 841 1977 abiit.
893 1909 979 1975 idem
1005 1911 1095 1975 furor
1120 1923 1153 1977 et
1175 1908 1378 1978 Cretenses?

285 2012 296 2092 ἢ
322 2004 490 2071 lacerabat.
536 2002 676 2069 adventu
703 2002 818 2069 deinde
841 2001 884 2085 Q.
901 2004 1027 2070 Minuci
1051 2006 1165 2091 legati,
1191 2006 1247 2089 qui
1273 2027 1348 2070 cum

285 2128 290 2174 ς
320 2099 427 2166 decem
443 2098 584 2164 navibus
600 2098 716 2163 missus
734 2098 777 2163 ad
793 2098 936 2164 sedanda
953 2121 1063 2164 eorum
1081 2099 1253 2165 certamina
1270 2109 1347 2176 erat,

286 2213 290 2220 ·
322 2191 390 2281 [sd]
408 2215 503 2280 spem
522 2192 611 2278 pocis
627 2203 791 2258 venerant.
826 2204 968 2257 ceterum
989 2193 1132 2259 indutiae
1149 2205 1273 2258 tantum
1292 2215 1348 2258 sex

285 2301 288 2314 '
321 2310 465 2354 mensum
477 2286 624 2363 fuerunt3
636 2285 712 2351 inde
721 2287 822 2352 multo
834 2287 965 2373 gravius
980 2287 1100 2353 bellum
1108 2287 1235 2353 exarsit.
1252 2286 1348 2371 Lycii
1366 2297 1381 2344 8

321 2403 446 2468 quoque
473 2404 533 2468 per
556 2380 644 2447 idem
671 2392 795 2468 tempus
818 2382 860 2446 ab
883 2382 1005 2447 Rhodis
1031 2382 1115 2447 bello
1139 2382 1347 2447 vexabantur.

324 2478 378 2544 sed
393 2489 601 2544 externorum
616 2478 700 2543 inter
716 2500 751 2542 se
768 2478 869 2555 bella,
893 2499 958 2562 quo
975 2499 1122 2563 quaeque
1143 2478 1239 2543 modo
1257 2489 1348 2563 gesta

327 2583 411 2648 sunt,
424 2572 574 2657 persequi
590 2593 656 2638 non
669 2593 785 2657 operae
804 2582 852 2637 est
869 2573 946 2636 satis
961 2593 1119 2657 superque
1132 2571 1236 2638 oneris
1254 2571 1349 2636 susti·

327 2665 414 2731 nenti
428 2687 478 2732 res
492 2689 513 2732 e
528 2665 650 2752 populo
666 2665 813 2731 Romano
830 2677 939 2751 gestas
958 2666 1107 2732 scribere.

383 2757 520 2827 XXVI.
548 2757 703 2826 Celtiberi
715 2760 750 2824 in
762 2760 932 2847 Hispania,
949 2760 1007 2844 qui
1024 2760 1108 2826 bello
1121 2761 1233 2826 domiti
1251 2784 1285 2826 se
1298 2759 1350 2825 Ti.
1373 2773 1386 2819 1

325 2853 474 2922 Graccho
494 2852 699 2931 dediderant,
722 2855 828 2939 pacati
849 2867 1032 2920 manserant
1048 2856 1097 2921 M.
1116 2856 1236 2921 Titinio
1258 2876 1351 2941 prae·

322 2961 388 3016 tore
401 2949 568 3035 optinente
584 2948 791 3034 provinciam,
809 2950 1002 3015 rebellarunt
1019 2951 1079 3014 sub
1097 2952 1271 3016 adventum
1283 2949 1349 3035 Ap.

323 3041 457 3120 Claudi,
478 3043 607 3127 orsique
629 3043 751 3110 bellum
772 3044 909 3110 suntab
931 3045 1097 3129 repentina
1114 3044 1351 3131 oppugnatione

323 3150 500 3204 castrorum
506 3137 736 3204 Romanorum.
763 3137 866 3223 prima
879 3138 935 3202 lux
948 3137 1048 3203 ferme
1058 3148 1135 3214 erat,
1152 3159 1225 3201 cum
1239 3136 1351 3220 vigiles
1369 3145 1385 3192 2

324 3232 356 3298 iu
369 3232 458 3298 vallo
471 3231 592 3316 quique
607 3231 643 3296 in
659 3242 823 3317 pcrtamm
838 3231 1026 3296 stationibus
1045 3240 1145 3306 erant,
1164 3251 1236 3294 cum
1254 3228 1353 3292 vidis·

325 3337 393 3393 sent
409 3325 526 3412 procul
543 3326 722 3392 venientem
740 3324 879 3404 hostem,
897 3325 940 3390 ad
956 3347 1045 3390 arma
1063 3324 1351 3389 conclamaverunt.

326 3421 389 3507 Ap.
407 3417 567 3486 Claudius
586 3420 678 3506 signo
696 3420 859 3506 proposito
876 3440 1019 3505 pugnae,
1037 3417 1149 3503 paucis
1166 3416 1352 3481 adhortatus
1370 3427 1386 3473 3

329 3514 457 3593 milites,
494 3514 598 3580 tribus
627 3514 725 3580 simul
755 3514 854 3599 portis
885 3513 1005 3579 eduxit.
1057 3512 1285 3577 obsistentibus
1311 3509 1354 3575 ad

331 3611 449 3676 exitum
466 3606 638 3676 Celtiberis
655 3609 758 3696 primo
772 3632 831 3695 par
844 3609 1003 3693 utrimque
1020 3608 1177 3695 proelium
1190 3606 1261 3684 huit,
1278 3602 1355 3690 quia

333 3717 457 3791 propter
479 3705 644 3790 augustias
664 3727 730 3770 non
751 3726 861 3769 omnes
883 3704 917 3768 in
935 3703 1082 3768 faucibus
1104 3723 1249 3788 pugnare
1265 3710 1355 3786 pote·

335 3811 400 3864 rmt
412 3799 567 3877 Romani;
583 3810 757 3885 urguentes
775 3798 891 3864 deinde
909 3798 951 3862 ali
968 3798 1048 3863 ahos
1066 3797 1168 3864 sicubi
1185 3803 1356 3862 evaserumt
1371 3805 1389 3853 t

339 3903 419 3960 extra
445 3893 581 3970 vallum,
605 3903 642 3958 ut
667 3891 808 3978 pendere
834 3891 936 3957 aciem
958 3901 990 3957 et
1012 3890 1185 3975 exaequari
1206 3887 1355 3955 cornibus

285 3983 295 4040 ἓ.
340 3983 479 4065 hostium,
498 3986 615 4072 quibus
628 3986 885 4065 circumibantur,
903 3999 1042 4072 possent,
1060 3987 1106 4052 ita.
1122 3995 1252 4072 repente
1269 3983 1357 4046 inru-

285 4118 287 4124 ·
342 4092 461 4162 petunt,
477 4092 516 4146 ut
531 4081 688 4147 sustinere
705 4082 861 4168 impetum
878 4102 989 4147 eorum
1008 4079 1161 4147 Celtiberi
1178 4075 1355 4160 nequirent.

286 4177 305 4226 ..t
343 4185 405 4242 ute
429 4175 544 4242 horam
568 4175 742 4242 secundam
766 4175 854 4263 pulei
878 4187 967 4254 sunt;
995 4176 1037 4242 ad
1062 4171 1244 4260 quindecim
1269 4165 1390 4232 mitiss

285 4303 290 4310 ·
345 4262 441 4352 [cessa
456 4267 532 4358 aut]
549 4281 653 4358 capta,
671 4272 764 4359 signa
781 4272 931 4358 adempta
948 4271 1012 4337 duo
1030 4282 1062 4337 et
1079 4266 1219 4354 triginta.
1254 4275 1357 4329 castro
