3359 5092
241 555 245 560 .
350 503 394 572 '12
556 515 674 572 LIBER
690 515 850 585 XXXXH,
868 515 911 571 52.
925 515 969 570 53.
988 515 1171 587 [auceae]

348 673 589 761 conparandum
606 673 775 750 haberent3
793 673 957 739 consulem
974 694 1061 738 nunc
1077 674 1187 740 venire
1205 695 1279 738 cum
1298 675 1362 739 dua·

348 770 410 833 bus
427 767 606 855 legionibus
624 767 789 844 Romanis,
807 789 890 852 quae
908 765 1070 854 [singulae
1087 791 1165 834 seua
1181 767 1271 833 milia
1286 769 1360 855 pedi·

349 862 449 952 tum],
475 876 619 931 trecenos
641 864 765 949 equites
791 864 947 942 habeant,
973 874 1006 929 ct
1028 864 1099 949 pari
1119 862 1222 930 ferme
1243 884 1359 929 numero

315 960 508 1027 esociorum
531 959 676 1046 peditum
702 958 925 1044 equitumque3
957 980 996 1023 eo
1023 968 1061 1023 ut
1085 958 1239 1023 accedant
1263 980 1359 1045 regum

349 1054 468 1120 auxilia
478 1052 634 1118 Eumenis
651 1063 684 1119 et
696 1052 899 1130 Masinissae,
917 1074 983 1118 non
999 1052 1072 1139 plus
1090 1051 1234 1140 [viginti]
1254 1064 1357 1138 septem

299 1167 332 1217 10
348 1148 436 1213 milia
452 1147 612 1234 peditum,
629 1147 694 1212 duo
708 1147 852 1232 equitum
869 1147 988 1212 futura.
1032 1146 1148 1211 auditis
1166 1146 1304 1211 hostium
1319 1166 1358 1211 co·

348 1242 408 1328 piis
429 1242 622 1328 respicerent
644 1263 739 1307 suum
761 1240 824 1327 ipsi
841 1240 1032 1318 exercitum,
1058 1251 1215 1324 quantum
1231 1260 1356 1315 numero,

349 1349 504 1422 quantum
521 1360 638 1424 genere
655 1337 794 1402 militum
810 1346 1010 1423 praestarent
1026 1336 1182 1401 tironibus
1199 1336 1314 1423 raptim
1328 1333 1357 1398 ad

346 1433 380 1497 id
398 1433 519 1499 bellum
533 1432 719 1518 conscriptis
735 1430 797 1517 ipsi
809 1454 831 1496 a
845 1431 953 1517 pueris
971 1430 1086 1495 eruditi
1099 1430 1222 1495 artibus
1234 1429 1356 1504 militiae,

297 1545 328 1594 11
347 1536 396 1592 tot
412 1526 537 1592 subacti
559 1538 654 1610 atque
677 1524 783 1590 durati
805 1524 908 1589 bellis.
954 1523 1073 1589 auxilia
1089 1523 1245 1589 Romanis
1262 1524 1355 1610 Lydos

347 1631 380 1686 et
404 1618 553 1706 Phrygas
580 1631 612 1685 et
632 1619 791 1685 Numidas
817 1641 902 1694 esse,
930 1617 991 1683 sibi
1016 1617 1159 1683 Thracas
1189 1616 1355 1702 Gallosque,
1386 1621 1392 1630 '

346 1713 559 1779 ferocissimas
580 1713 736 1801 gentium.
780 1735 870 1777 arma
890 1713 962 1779 illos
983 1711 1102 1778 habere
1125 1735 1179 1790 ea,
1208 1734 1291 1796 quae
1311 1709 1355 1775 sibi

346 1807 482 1893 quisque
502 1809 662 1895 paraverit
678 1830 802 1894 pauper
818 1807 924 1885 miles,
947 1805 1145 1871 Macedonas
1168 1816 1313 1892 prompta
1327 1827 1354 1870 ex

345 1903 435 1988 regio
453 1915 624 1989 apparatu,
647 1926 706 1988 per
726 1912 774 1966 tot
790 1924 891 1967 annos
913 1900 1012 1986 patris
1030 1901 1081 1965 sui
1097 1922 1175 1966 cura
1193 1912 1227 1966 et
1242 1901 1355 1986 inpensa
1387 1921 1391 1964 t

296 2015 328 2063 12
345 1996 441 2061 facta.
486 2008 699 2062 commeatum
723 1995 786 2061 illis
812 2017 887 2061 cum
911 1995 1032 2082 procul,
1050 2005 1120 2059 tum
1142 1995 1290 2059 omnibus
1310 1990 1353 2058 sub
1386 1969 1391 2064 l

347 2088 473 2154 casibus
499 2089 667 2154 maritimis
692 2088 776 2168 fore3
802 2112 837 2156 se
859 2102 892 2155 et
916 2089 1087 2175 pecuniam
1109 2099 1142 2153 et
1167 2088 1353 2161 sarmentum.
1386 2081 1391 2122 ¹

345 2194 472 2269 praeter
492 2183 614 2249 reditus
637 2184 853 2260 metallorum,
874 2184 909 2248 in
932 2183 1043 2249 decem
1060 2204 1161 2248 annos
1183 2182 1352 2268 seposuisse
1387 2199 1391 2276 ἶ

297 2296 328 2344 13
347 2278 469 2356 omnia,
494 2301 578 2364 quac
595 2279 727 2344 deorum
744 2279 959 2365 indulgentia,
982 2300 1064 2363 quae
1080 2278 1170 2363 regia
1188 2299 1266 2342 cura
1281 2296 1353 2363 prae·
1389 2331 1391 2348 .

347 2373 490 2458 paranda
512 2373 646 2451 fuerint,
672 2373 768 2459 plena
786 2374 1011 2457 cumulataque
1029 2371 1147 2437 habere
1164 2371 1352 2439 Macedonas
1386 2359 1391 2434 l

297 2484 329 2532 14
347 2466 489 2531 animum
506 2467 690 2534 habendum
708 2490 778 2533 esse
796 2488 894 2551 quem
910 2466 1080 2532 habuerint
1097 2465 1235 2532 maiores
1253 2483 1353 2537 eorum,
1389 2449 1391 2478 ¹

347 2561 402 2646 qui
423 2560 557 2648 Europa
577 2562 665 2628 omni
687 2562 808 2627 domita
829 2562 1019 2647 transgressi
1039 2560 1075 2626 in
1096 2560 1213 2625 Asiam
1230 2555 1354 2645 incogni-

345 2667 414 2723 tum
435 2657 540 2723 famae
567 2658 749 2743 aperuerint
774 2656 871 2722 armis
893 2656 1004 2723 orbem
1030 2666 1186 2722 terrarum
1213 2676 1273 2720 nec
1298 2662 1354 2718 ante

346 2751 473 2815 vincere
487 2749 637 2816 desierint
649 2773 747 2836 quam
759 2752 858 2817 rubro
870 2752 951 2815 mari
964 2750 1094 2815 inclusis
1107 2750 1196 2835 quod
1210 2750 1355 2814 vincerent

297 2861 327 2908 15
347 2843 494 2909 defuerit.
537 2853 571 2909 at
591 2843 719 2911 hercule
741 2867 827 2911 nunc
850 2842 945 2932 [non]
970 2844 1010 2910 de
1031 2844 1149 2909 ultimis
1167 2844 1281 2909 Indiae
1297 2841 1355 2916 oris,

347 2937 404 3003 sed
430 2937 470 3001 de
495 2937 595 3023 ipsius
620 2937 832 3005 Macedoniae
857 2938 1057 3025 possessione
1084 2948 1246 3003 certamen
1271 2937 1355 3002 fortu-

345 3054 421 3095 nam
434 3030 595 3098 indixisse.
639 3052 713 3099 cum
729 3044 821 3120 patre
838 3055 897 3097 suo
914 3033 1055 3119 gerentis
1076 3032 1197 3098 bellum
1211 3032 1356 3097 Romanos

296 3142 327 3190 16
346 3126 525 3213 speciosum
556 3126 713 3195 Graeciae
747 3127 933 3194 liberandae
968 3128 1078 3193 tulisse
1112 3127 1257 3209 titulum3
1287 3143 1356 3193 nunc

345 3221 510 3307 propalam
541 3222 768 3289 Macedoniam
798 3222 832 3286 in
864 3221 1050 3288 servitutem
1080 3232 1204 3307 petere,
1240 3246 1281 3291 ne
1312 3239 1356 3286 rex

345 3315 469 3380 vicinus
489 3315 622 3401 imperio
640 3316 681 3381 sit
697 3316 860 3393 Romano,
882 3338 924 3381 ne
945 3337 1026 3401 gens
1048 3316 1133 3381 bello
1150 3317 1267 3383 nobilis
1284 3334 1357 3383 aunt

345 3407 472 3473 habeat.
506 3410 587 3475 haec
604 3410 688 3476 enim
710 3409 865 3475 tradenda
887 3409 1033 3496 superbis
1057 3409 1192 3475 dominis
1211 3435 1282 3479 esse
1299 3430 1357 3476 cum

344 3523 421 3586 rege
446 3524 625 3587 regnoque,
651 3501 710 3591 [si]
738 3504 890 3570 absistere
915 3504 1000 3569 bello
1027 3514 1059 3569 et
1083 3504 1191 3571 facere
1218 3507 1358 3593 imperata

346 3594 454 3660 velint.

314 3707 328 3753 1
410 3688 506 3754 ΗΠ.
534 3687 620 3755 Cum
637 3714 694 3777 per
712 3713 838 3758 omnem
852 3693 1028 3758 orationem
1045 3693 1121 3758 satis
1139 3693 1299 3779 frequenti
1314 3690 1358 3757 ad·
1389 3687 1391 3764 l

347 3805 443 3848 sensu
461 3784 690 3850 succlamatum
708 3796 806 3863 esset,
833 3775 902 3853 turi]
924 3809 1000 3853 vero
1019 3810 1057 3853 ea
1074 3788 1262 3856 vociferatio
1280 3782 1357 3854 simul
1390 3771 1391 3828 l

345 3876 581 3963 indignantium
604 3879 896 3965 minitantiumque,
921 3880 1038 3968 partim
1055 3881 1237 3947 iubentium
1254 3883 1357 3948 bonum
1390 3911 1391 3960 g

346 3970 488 4035 animum
505 3971 623 4038 habere
637 3996 756 4061 regem,
775 3985 886 4041 exorta
899 3985 957 4052 est,
974 3991 1012 4041 ut
1028 3974 1125 4042 linem
1143 3976 1273 4041 dicendi
1288 3976 1357 4040 face·
1389 3981 1391 4060 j

313 4083 329 4131 a
347 4075 405 4142 ret,
423 4076 548 4131 tantum
568 4067 662 4132 iussis
686 4067 727 4132 ad
748 4068 809 4133 iter
824 4091 952 4153 parare:
976 4069 1040 4134 iam
1059 4070 1145 4135 enim
1162 4069 1227 4136 dici
1245 4086 1356 4135 movere

347 4168 450 4223 castra
472 4159 513 4225 ab
536 4159 726 4246 Nymphaeo
743 4161 916 4227 Romanos.
963 4160 1140 4250 [contione]
1164 4155 1356 4240 dimissaed
1389 4239 1391 4246 Α

347 4251 521 4319 audiendae
541 4253 716 4340 legationes
739 4255 915 4321 civitatium
935 4256 1148 4324 Macedoniae
1172 4280 1208 4326 se
1230 4252 1353 4324 contult
