3359 5092
527 393 646 450 runnu
661 393 805 464 xxxxi,
824 395 889 450 aa.
911 393 1064 464 [acuta]
1290 386 1311 454 5

276 551 522 638 Aquileienses,
543 573 619 617 cum
635 563 816 618 commeatu
837 551 1016 629 venientes,
1038 554 1142 639 ignari
1159 579 1259 642 prope
1276 559 1310 623 in

276 659 374 734 capta
400 658 507 712 castra
532 646 574 711 ab
599 646 719 711 Histris
743 646 930 712 inciderent.
974 647 998 711 ii
1025 670 1098 713 cum
1123 651 1307 735 Aquileiam
1328 672 1342 720 2

277 742 397 808 relictis
408 740 635 826 inpedimentis
649 740 853 826 refugissent,
867 740 974 806 omnia
988 753 1106 808 terrore
1120 765 1157 808 ac
1170 748 1308 812 tumultu

274 858 341 902 non
349 835 524 920 Aquileiae
539 834 646 912 modo,
664 835 721 900 sed
731 835 854 900 Romae
873 856 1001 919 quoque
1018 848 1090 921 post
1107 859 1226 922 paucos
1240 840 1307 906 dies

275 931 509 1018 impleveruut;
530 952 596 1015 quo
617 952 683 997 nou
705 943 799 1017 capta
821 943 946 998 tantum
969 947 1073 999 castra
1094 935 1136 1000 ab
1161 936 1306 1004 hostibus
1325 956 1340 1003 8

273 1049 335 1093 nec
352 1027 450 1113 fuga,
472 1048 557 1110 qnae
573 1048 650 1091 vera
666 1040 771 1104 erant,
794 1027 852 1091 sed
872 1028 1011 1112 perditas
1035 1051 1085 1094 res
1104 1029 1307 1116 deletumque

214 1131 225 1154 ¹
274 1122 454 1188 exercitum
471 1143 598 1186 omnem
620 1121 762 1186 adlatum
780 1133 838 1186 est.
875 1122 993 1205 itaque,
1012 1124 1099 1206 quod
1115 1125 1149 1188 in
1166 1127 1305 1192 tumultu
1323 1144 1341 1190 4

274 1215 343 1282 fieri
366 1217 466 1292 solet,
492 1215 627 1280 dilectus
648 1226 740 1280 extra
761 1216 905 1281 ordinem
927 1238 992 1281 non
1014 1219 1048 1282 in
1069 1218 1148 1283 urbe
1172 1230 1305 1298 tantum,

214 1358 219 1366 .
273 1310 331 1376 sed
348 1321 420 1374 tota
435 1309 532 1374 Italia
548 1308 669 1374 indicti.
695 1310 778 1374 duae
795 1310 938 1395 legiones
956 1311 1074 1376 civium
1087 1311 1306 1380 Romanorum

272 1403 477 1489 conscriptae
494 1413 527 1469 et
542 1403 653 1469 decem
674 1404 763 1468 milia
783 1404 927 1489 peditum
945 1427 1018 1470 cum
1036 1406 1196 1489 equitibus
1213 1409 1306 1494 quin·

271 1501 378 1587 gentis
397 1499 493 1566 sociis
510 1499 646 1564 nominis
663 1499 774 1563 Latini
789 1500 954 1585 imperata.
991 1501 1040 1565 M.
1060 1502 1172 1567 Iunius
1195 1503 1306 1568 consul
1324 1520 1339 1566 5

214 1629 220 1637 ·
271 1596 410 1660 transire
426 1593 611 1660 inGalliam
624 1607 655 1660 et
669 1595 711 1660 ab
725 1595 907 1660 civitatibus
924 1598 1107 1681 provinciae
1120 1598 1188 1663 eius
1204 1620 1305 1682 quan-

271 1700 340 1755 tum
360 1711 516 1774 quaeque
535 1700 644 1774 posset
665 1690 801 1754 militum
823 1689 953 1775 exigere
975 1691 1089 1756 iussus.
1135 1692 1230 1757 simul
1248 1693 1304 1757 de·
1322 1708 1337 1753 6

272 1795 406 1863 eretum,
423 1795 463 1848 ut
470 1783 522 1848 li.
532 1781 687 1850 Claudius
704 1795 833 1870 praetor
850 1785 1003 1850 militibus
1020 1786 1153 1872 legionis
1171 1799 1303 1871 quartae

271 1889 301 1944 et
323 1879 452 1944 socium
469 1877 579 1943 Latini
600 1879 738 1943 nominis
759 1880 902 1963 quinque
920 1880 1063 1958 milibus,
1082 1881 1226 1965 equiturn
1245 1882 1303 1947 du·

272 1974 371 2040 centis
394 1974 630 2059 quinquaginta
650 1973 745 2038 Pisas
768 1985 805 2039 ut
826 1975 1031 2040 convenirent
1053 1975 1190 2041 ediceret
1216 1999 1302 2041 eam-

270 2091 331 2154 que
348 2068 566 2155 provinciam,
589 2068 666 2133 dum
684 2069 795 2134 consul
812 2069 887 2133 inde
904 2070 1045 2146 abesset,
1063 2081 1234 2148 tutaretur,
1251 2071 1301 2136 M
1322 2084 1335 2129 7

271 2164 412 2229 Titinius
428 2175 557 2250 praetor
573 2164 733 2249 legionem
755 2164 906 2250 primam,
933 2186 1043 2249 parem
1064 2187 1234 2230 numerum
1251 2186 1302 2230 so·

271 2261 395 2324 ciorum
421 2258 566 2344 peditum
591 2260 816 2343 equitumque,
841 2258 1023 2322 Ariminum
1056 2260 1226 2326 convenire
1251 2260 1301 2324 iu·

270 2353 374 2420 beret.
398 2353 486 2420 Nero
503 2353 674 2439 paludatus
686 2352 780 2418 Pisas
797 2353 832 2417 in
849 2352 1046 2437 provinciam
1059 2363 1108 2418 est
1123 2353 1300 2439 profectus3
1320 2365 1335 2413 s

275 2447 417 2512 Titinius
432 2445 468 2514 0.
488 2446 603 2514 Cassio
625 2448 752 2514 tribuno
774 2447 912 2513 militum
929 2447 1112 2512 Ariminum
1130 2448 1186 2531 qui
1208 2469 1301 2533 prae-

275 2555 361 2610 esset
379 2543 497 2632 legioni
519 2546 617 2609 misso
638 2544 790 2610 dilectum
806 2543 930 2609 Romae
952 2543 1074 2608 habuit.
1118 2542 1168 2608 M.
1186 2543 1333 2608 Iunius9

270 2641 383 2705 consul
401 2663 442 2706 ex
454 2639 633 2726 Liguribus
649 2641 684 2705 in
701 2640 899 2726 provinciam
914 2637 1054 2705 Galliam
1072 2649 1299 2725 transgressus,

268 2735 396 2801 auxiliis
413 2735 559 2822 protinus
573 2757 632 2820 per
643 2736 787 2801 civitates
797 2731 925 2802 Galliae
938 2733 1154 2818 militibusque
1169 2733 1299 2799 coloniis

265 2829 444 2918 imperatis,
461 2829 647 2914 Aquileiam
662 2829 817 2916 pervenit.
861 2828 907 2893 ibi
925 2828 1039 2895 certior
1056 2828 1161 2893 factus
1179 2827 1299 2894 exerci-
1320 2840 1351 2887 10

267 2937 334 2991 tum
351 2925 549 2990 incolumem
566 2945 651 3000 esse,
673 2924 798 3010 seriptis
819 2924 931 2989 litteris
949 2923 1102 2998 Romam,
1123 2945 1164 2986 ne
1182 2921 1299 2985 tumul-

267 3031 446 3094 tuarentur,
462 3018 534 3104 ipse
550 3018 690 3084 remissie
708 3017 843 3095 auxiliis,
862 3039 944 3101 quae
955 3016 1058 3083 Gallis
1076 3017 1298 3101 imperaverat,

271 3113 311 3178 ad
327 3114 487 3199 collegam
505 3122 554 3178 est
570 3112 742 3198 profectus.
773 3112 897 3178 Romae
914 3133 1033 3197 magna
1051 3132 1092 3175 ex
1108 3107 1298 3194 necopinato
1319 3122 1349 3169 11

270 3207 387 3273 laetitia
402 3206 482 3284 fuit3
505 3206 638 3274 dilectus
656 3208 791 3272 omissus
810 3217 874 3283 est,
898 3203 1093 3271 exauctorati
1115 3203 1172 3287 qui
1194 3224 1299 3268 sacra-

271 3315 375 3368 mento
393 3301 542 3367 dixeram
562 3312 595 3367 et
615 3301 788 3379 uerutus,
810 3301 867 3386 qui
884 3299 1024 3366 Arimini
1046 3297 1225 3384 pestilentia
1242 3295 1298 3362 ad·

274 3395 371 3462 iectus
388 3407 470 3473 erat,
488 3396 619 3460 domum
635 3395 793 3461 dimissus.
837 3395 943 3462 Histri
962 3394 1086 3481 magnis
1105 3392 1204 3478 copiis
1223 3412 1297 3458 curn
1318 3407 1348 3453 12

229 3527 233 3551 :
277 3502 372 3557 castra
396 3489 486 3556 haud
507 3491 619 3576 procul
639 3489 778 3556 consulis
802 3489 914 3556 castris
936 3489 1106 3565 haberent,
1128 3497 1298 3572 postquam

233 3575 244 3655 3.
279 3584 404 3651 utenrm
421 3585 588 3652 consulem
600 3607 675 3673 qum
687 3585 830 3652 exercitu
843 3606 926 3650 novo
937 3584 1103 3650 advenisse
1118 3580 1297 3656 audierunt,

214 3673 251 3770 ’,ἦ
280 3681 387 3762 paim
408 3680 445 3745 iu
466 3679 611 3754 civitates
633 3680 748 3766 dilapsi
770 3691 855 3746 aunt
899 3679 1045 3745 consules
1063 3675 1247 3761 Aquileiam
1264 3674 1298 3738 in

222 3815 255 3864 3,
282 3769 401 3840 hesma
417 3775 562 3862 legiones
579 3775 783 3842 reduxerunt.

214 3919 221 3926 -
242 3889 255 3944 ,¹
333 3869 393 3936 VI.
421 3869 544 3937 Sedato
561 3870 690 3936 tandem
707 3870 850 3936 Histrico
868 3869 1008 3936 tumultu
1025 3878 1153 3934 senatus
1172 3862 1298 3930 consul-
1318 3877 1331 3923 1

216 3971 255 4064 ..{
284 3969 339 4028 tun
358 3965 483 4031 factum
501 3975 564 4044 est,
589 3976 627 4031 ut
643 3966 789 4032 musuleo
810 3966 893 4032 inter
914 3988 949 4032 se
967 3972 1199 4049 compararent,
1226 3968 1298 4020 uter

283 4075 379 4125 eorum
396 4059 439 4126 ad
457 4059 586 4126 comitia
601 4059 750 4128 habenda
767 4061 905 4128 Romam
927 4061 1053 4126 rediret.
1090 4077 1163 4122 cum
1182 4053 1296 4118 abssn·
1316 4070 1330 4115 a

282 4155 336 4217 iem
349 4153 511 4221 Manlium
523 4154 644 4221 tribuni
656 4156 758 4242 plebis
772 4156 917 4222 Licinius
929 4155 1039 4220 Nerva
1052 4164 1084 4218 et
1097 4148 1136 4215 C.
1145 4145 1295 4235 Papirius

218 4286 244 4613 p
1287 4315 1421 4393 Α
