3359 5092
346 543 410 610 142
534 555 653 612 uranu
668 553 977 626 Μωδεεῖ.
996 553 1182 625 [susae]

346 714 450 800 inquit
468 714 625 780 ‘animum
638 714 735 780 istum
749 713 858 789 habui,
869 712 997 790 Nasica,
1006 731 1103 797 quem
1116 724 1152 779 tu
1161 734 1249 778 nunc
1261 712 1361 789 habes3

296 830 328 879 13
347 821 378 874 et
396 830 493 892 quem
507 831 567 895 ego
581 808 795 885 machabeo,
813 818 850 872 tu
867 807 1010 873 habebis.
1037 808 1146 872 multis
1159 807 1236 873 belli
1250 807 1361 873 casibus

298 946 302 952 ·
348 903 459 979 didici,
481 902 610 987 quando
627 901 853 989 pugnandum,
875 901 1003 986 quando
1021 901 1247 967 abstinendum
1268 925 1361 988 pugna

347 997 398 1061 sit.
442 1018 508 1061 non
525 1010 671 1083 operaest
694 995 790 1061 stanti
811 1017 897 1061 nunc
919 996 953 1061 in
976 995 1045 1061 acie
1062 996 1178 1062 docere
1201 996 1316 1081 quibus
1332 996 1361 1061 ds

347 1091 452 1156 causis
470 1090 564 1157 hodie
578 1092 704 1177 quiesse
723 1091 836 1156 melius
855 1091 906 1155 sit.
950 1090 1088 1157 rationes
1105 1090 1186 1156 alias
1204 1090 1361 1177 reposcito:

296 1201 329 1256 14
347 1207 433 1252 nunc
450 1186 639 1251 auctoritate
657 1185 773 1251 veteris
790 1185 991 1271 imperatoris
1005 1196 1173 1251 contentus
1192 1185 1275 1250 eris?
1302 1206 1362 1251 con·

346 1281 437 1345 tiouit
455 1280 656 1346 adulescens:
675 1279 762 1344 haud
780 1279 878 1346 dubie
896 1279 1005 1345 videre
1023 1280 1132 1364 aliqua¹
1149 1279 1362 1365 impedimenta
1405 1357 1406 1362 γ

345 1397 475 1461 pugnae
493 1375 667 1450 consulem,
686 1396 769 1459 quae
787 1373 849 1439 sibi
866 1394 932 1439 non
949 1384 1149 1460 apparerent.

313 1491 325 1537 ι
410 1469 600 1536 XXXVII.
627 1468 750 1535 Paulus
772 1479 944 1555 postquam
973 1478 1092 1534 metata
1113 1479 1220 1533 castra
1245 1466 1363 1556 impedi·
1400 1549 1406 1554 ·

346 1576 517 1649 mentaquc
541 1566 694 1631 collocata
711 1564 948 1641 animadvertit,
971 1588 1012 1630 ex
1032 1575 1196 1651 postrema
1214 1565 1282 1631 acie
1304 1562 1363 1629 tris·
1398 1568 1407 1605 ⁵·

313 1679 328 1726 a
346 1661 410 1726 rios
424 1662 543 1747 primos
558 1660 716 1737 subducit,
736 1660 850 1725 deinde
864 1659 1033 1746 principes,
1050 1659 1211 1724 stantibus
1225 1660 1259 1724 in
1277 1659 1362 1747 prima

347 1756 416 1821 acie
433 1755 580 1833 hastatis,
603 1755 630 1820 si
648 1754 727 1839 quid
744 1754 844 1819 hostis
861 1765 1018 1831 moveret,
1040 1764 1203 1840 postremo
1227 1752 1362 1827 hastatos

347 1850 388 1915 ab
406 1849 518 1916 dextro
542 1850 680 1936 primum
697 1869 796 1913 comu
819 1848 1018 1935 singulorum
1039 1848 1196 1934 paulatim
1214 1848 1362 1934 signorum

312 1944 462 2009 smilites
481 1943 681 2010 subtrahens.
716 1942 762 2008 ita
777 1943 901 2029 pedites
919 1942 1080 2027 equitibus
1098 1964 1172 2007 cum
1189 1942 1255 2008 levi
1275 1963 1362 2007 arma·
1395 2019 1407 2032 ⁸

347 2049 419 2103 tura
436 2049 509 2103 ante
527 2038 628 2103 aciem
645 2036 729 2102 hosti
746 2037 899 2123 oppositis
913 2037 981 2103 sine
999 2037 1139 2102 tumultu
1157 2036 1299 2114 abducti,
1315 2054 1360 2101 nco
1395 2039 1407 2084 t

347 2142 434 2208 ante,
463 2154 560 2216 quam
582 2132 686 2217 prima
708 2131 796 2197 frons
814 2133 891 2196 valli
908 2154 946 2197 ac
963 2131 1051 2197 fossa
1073 2131 1231 2217 perducta
1248 2143 1310 2209 est,
1333 2151 1362 2195 ex
1398 2140 1407 2179 ῑ

312 2244 329 2290 4
347 2226 482 2291 natione
500 2226 622 2310 equites
640 2225 780 2291 revocati
797 2237 881 2291 sunt.
916 2248 974 2292 rex
990 2247 1119 2311 quoqne
1143 2248 1219 2291 cum
1237 2226 1304 2291 sine
1320 2224 1361 2289 de·
1399 2249 1407 2272 -·

347 2321 535 2387 tractatione
552 2332 686 2406 paratus
708 2343 853 2407 pugnare
871 2342 910 2387 eo
928 2321 979 2387 die
997 2320 1124 2398 fuisset,
1152 2332 1318 2388 contentus
1333 2337 1360 2385 et

346 2416 433 2499 quod
450 2437 508 2500 per
524 2415 650 2480 hostem
663 2436 785 2479 moram
802 2414 902 2480 fuisse
919 2437 1047 2501 pugnae
1061 2413 1190 2492 scirent,
1209 2426 1242 2481 et
1259 2413 1361 2502 ipse'n
1399 2447 1404 2452 ·

346 2520 450 2575 castra
468 2510 575 2596 copias
593 2509 731 2574 reduxit.
1397 2589 1399 2594 .

312 2621 328 2668 5
411 2600 534 2669 Castris
551 2602 740 2688 permunitis
758 2599 797 2667 C.
814 2600 975 2688 Sulpicius
994 2600 1109 2668 Gallus
1127 2602 1277 2668 tribunus
1293 2600 1360 2668 mill·

345 2708 414 2763 tum
428 2698 587 2763 secundae
604 2697 749 2783 legionis,
767 2696 823 2779 qui
840 2708 967 2782 praetor
981 2696 1145 2782 superiore
1163 2719 1249 2762 anno
1263 2696 1360 2769 fuerat
1397 2735 1407 2747 ·

347 2790 485 2854 consulis
503 2790 660 2875 permissu
676 2790 718 2854 ad
731 2790 911 2855 contionem
928 2790 1081 2855 militibus
1096 2791 1221 2857 vocatis
1238 2809 1362 2878 pronun·
1400 2781 1406 2790 ’

312 2902 327 2949 6
346 2884 452 2959 tinuit,
475 2895 568 2948 nocte
585 2884 746 2968 proxima,
768 2907 809 2950 ne
826 2884 898 2969 quis
915 2884 950 2948 id
966 2906 1024 2971 pro
1042 2895 1192 2970 portento
1211 2886 1362 2972 acciperet

346 2977 388 3042 ab
405 2976 485 3041 hora
506 2977 648 3043 secunda
665 2998 766 3061 usque
785 2978 827 3043 ad
849 2989 996 3062 quartam
1012 2978 1125 3044 horam
1142 2981 1247 3047 noctis
1269 2982 1362 3046 lunam
1401 3023 1407 3030 -

345 3070 543 3137 defecturam
556 3092 636 3137 esse.
663 3071 697 3135 id
706 3072 787 3155 'quia
801 3072 939 3137 naturali
955 3073 1065 3139 ordine
1074 3074 1166 3139 statis
1180 3073 1361 3161 temporibus

311 3188 326 3234 ⁷
344 3167 414 3244 fiat,
432 3177 464 3233 et
482 3166 555 3231 sciri
572 3176 646 3232 ante
663 3177 696 3232 et
712 3167 854 3252 praedici
871 3189 974 3253 posse.
1008 3168 1117 3251 itaque
1134 3190 1235 3253 quem
1253 3170 1294 3235 ad
1309 3187 1362 3233 mo

344 3263 437 3339 dum,
463 3262 539 3345 qnia
561 3261 640 3327 certi
657 3261 732 3326 solis
754 3262 913 3345 lunaeque
931 3272 963 3328 et
985 3273 1072 3327 ortus
1091 3273 1123 3329 et
1145 3285 1281 3329 occasus
1304 3262 1361 3333 sint

344 3377 430 3420 nunc
444 3355 539 3440 pleno
554 3355 641 3432 orbe,
659 3377 745 3420 nunc
759 3366 977 3422 senescentem
995 3356 1113 3443 exiguo
1128 3379 1236 3431 ¹cornu
1253 3357 1361 3443 fulgere

344 3450 455 3512 lunam
468 3469 533 3511 non
545 3447 744 3526 mirarentur,
762 3450 808 3514 ita
821 3472 863 3515 ne
878 3451 1041 3515 obscurari
1053 3450 1197 3536 quidem,
1213 3473 1289 3519 cnm
1303 3469 1361 3516 con·
1403 3491 1406 3497 -

311 3561 327 3611 8
346 3544 440 3607 datur
457 3542 573 3606 umbra
589 3552 706 3619 terrae,
725 3543 850 3609 trahere
867 3545 902 3609 in
917 3545 1101 3631 prodigium
1119 3546 1250 3614 debere.
1275 3553 1361 3618 nocta

346 3658 443 3719 quam
467 3635 568 3720 pridie
590 3658 690 3701 nonas
715 3635 919 3723 Septembres
940 3637 1086 3705 insecuta
1109 3651 1158 3706 est
1181 3640 1268 3719 dies,
1294 3637 1362 3706 edita

346 3729 426 3794 hora
439 3752 512 3795 cum
530 3731 607 3795 luna
621 3729 798 3807 defecisset,
813 3730 968 3797 Romanis
985 3732 1139 3799 militibus
1150 3732 1242 3801 Galli
1256 3733 1362 3820 sapien·

311 3824 391 3889 etia
412 3845 511 3911 prope
535 3825 642 3890 divina
660 3824 775 3902 videri,
796 3824 994 3890 Macedonas
1012 3838 1050 3891 ut
1070 3827 1160 3893 triste
1185 3829 1362 3915 prodigium

345 3939 494 3984 occasum
520 3918 611 4005 regni
641 3918 878 4003 perniciemque
907 3919 1012 4004 gentis
1046 3922 1246 4006 portendens
1271 3918 1362 3991 movit

343 4035 404 4080 nec
421 4014 512 4080 aliter
528 4025 628 4079 vates.
674 4012 794 4076 clamor
814 4013 1019 4098 ululatusque
1041 4014 1076 4078 in
1094 4016 1208 4081 castris
1226 4012 1363 4082 Macedo·

344 4130 422 4172 num
440 4107 511 4185 fuit,
529 4108 631 4172 donec
649 4105 726 4169 luna
742 4105 776 4168 in
794 4127 886 4170 suam
902 4107 1007 4173 lucem
1025 4108 1165 4174 emersit.

296 4216 328 4266 ιο
408 4200 544 4267 Postero
562 4200 614 4264 die
630 4233 674 4246 -
686 4207 793 4263 tantus
811 4199 939 4283 utrique
956 4201 1051 4266 ardor
1068 4203 1227 4268 exercitui
1245 4204 1287 4269 ad
1303 4219 1363 4267 oon·

346 4294 537 4360 currendum
555 4294 674 4370 fuerat,
692 4300 728 4355 ut
745 4302 776 4356 et
793 4313 904 4378 regem
921 4303 953 4359 et
970 4296 1135 4362 consulem
1154 4319 1289 4365 suorum
1307 4288 1365 4379 qul·
