3359 5092
340 501 382 567 '18
547 512 665 570 LIBER
680 511 841 580 xxm,
858 511 902 566 59.
915 511 957 566 60.
978 511 1161 590 [auabssd]

307 694 320 739 1
403 670 552 737 LVIIII.
577 670 619 736 In
643 669 730 736 hunc
751 669 885 734 modum
910 669 1048 734 maxime
1074 669 1246 735 instructae
1271 694 1288 735 a

340 789 399 852 par
414 765 517 832 ferme
534 766 695 849 utrimque
710 788 864 831 numerus
883 764 1026 848 equitum
1040 786 1077 828 ac
1094 764 1173 829 levis
1189 778 1286 830 armat

340 877 533 928 eoncurrunt
552 885 572 925 a
587 860 804 926 funditoribus
821 859 1127 943 iaculatoribusque,
1149 860 1206 944 qui
1222 883 1288 945 prat

306 973 457 1032 sacrant,
473 957 595 1042 proelio
612 975 692 1022 orto.
734 955 831 1041 primi
848 954 992 1020 omnium
1010 954 1162 1031 Thraces,
1181 955 1259 1020 haut
1276 980 1288 1019 s

340 1074 438 1136 quam
451 1051 508 1116 diu
520 1051 666 1116 claustris
679 1061 822 1116 retentae
835 1049 935 1124 serae,
949 1050 994 1114 ita
1003 1048 1152 1115 manati
1160 1070 1235 1113 cum
1248 1050 1288 1134 inq

341 1147 479 1212 clamore
499 1146 535 1210 in
551 1145 701 1210 &nuum
717 1166 832 1221 cornu,
849 1144 980 1209 Italicos
998 1144 1137 1227 equites,
1158 1144 1288 1209 incurret

306 1255 377 1306 sut
397 1262 461 1306 usu
478 1240 553 1305 belli
570 1255 604 1305 et
624 1240 755 1326 ingenio
776 1238 928 1324 inpavida
953 1261 1033 1323 gens
1056 1238 1248 1303 turbaretur.
1284 1237 1288 1323 Ι

341 1332 461 1421 gla]dls
478 1335 587 1400 hastas
604 1347 713 1422 petere
726 1334 849 1420 pedites
864 1331 890 1419 [.
900 1381 909 1397 .
920 1381 929 1398 .
941 1332 967 1419 .]
977 1356 1089 1417 mque,
1106 1356 1193 1398 nunc
1207 1334 1288 1398 succi

304 1448 323 1492 a
340 1453 436 1495 crura
452 1430 554 1514 equis,
570 1452 657 1494 nunc
673 1429 729 1494 ilia
745 1428 917 1494 suffodere.
957 1427 1096 1493 Perseus
1114 1428 1149 1491 in
1166 1429 1288 1493 median

340 1539 453 1590 vectus
470 1525 573 1590 aeiem
590 1521 734 1590 Graecos
752 1524 856 1609 primo
873 1523 996 1609 impetu
1013 1522 1142 1599 avertit3
1160 1524 1277 1607 quibus

340 1618 449 1704 gravis
475 1617 519 1682 ab
543 1629 636 1704 tergo
656 1618 789 1683 instaret
811 1618 927 1693 hostis,
950 1617 1178 1682 Thessalorum
1201 1619 1287 1701 equit

341 1712 397 1795 qui
414 1735 435 1776 a
450 1712 544 1778 laevo
560 1734 661 1779 cornu
678 1712 770 1778 brevi
786 1712 889 1797 spatio
903 1712 1063 1776 diiunctus
1081 1712 1115 1776 in
1134 1713 1282 1777 subsidiis

341 1817 392 1872 rat
408 1819 500 1871 extra
516 1827 722 1883 concursum,
739 1805 843 1891 primo
861 1817 1021 1891 spectator
1038 1807 1233 1881 certaminis,
1256 1807 1288 1871 d‹

306 1901 494 1971 aiuolinata
519 1925 555 1967 re
581 1922 734 1967 maxumo
759 1900 833 1965 usui
858 1900 929 1964 finit.
974 1901 1123 1965 cedentes
1145 1901 1285 1965 enimse

341 1994 474 2079 integris
491 1995 673 2071 ordinibus,
694 2007 867 2080 postquam
884 2017 917 2059 se
934 1992 1091 2058 Eumenis
1109 1995 1236 2059 auxiliis
1259 1995 1288 2058 at'

342 2101 473 2164 xerunt,
498 2099 532 2155 et
558 2111 633 2154 oum
659 2110 699 2154 eo
720 2100 827 2153 tutum
848 2088 931 2153 inter
952 2088 1078 2153 ordines
1106 2110 1180 2153 suos
1208 2112 1288 2174 recep

343 2181 437 2247 sociis
450 2182 530 2268 iuga
543 2182 704 2268 dissipatis
718 2182 838 2248 dabant
854 2193 896 2258 et,
914 2204 989 2247 cum
1000 2183 1105 2246 minus
1116 2182 1251 2247 conferti
1264 2184 1288 2246 h·

342 2276 511 2354 instarent,
534 2277 686 2363 progredi
708 2277 805 2343 etiam
821 2276 893 2341 ausi
914 2276 1032 2341 multos
1049 2276 1243 2362 fugientium
1261 2277 1288 2341 ol

308 2383 548 2456 sexoepenmt.
590 2394 652 2437 nec
667 2375 751 2457 regi,
774 2371 878 2456 sparsi
899 2369 965 2435 iam
981 2371 1043 2457 ipsi
1060 2370 1180 2456 passim
1199 2392 1288 2455 seque

344 2486 419 2530 oum
435 2465 588 2530 ordinatis
605 2478 638 2532 et
659 2478 747 2531 certo
763 2464 984 2531 incedentibus
1006 2465 1110 2556 gradu
1128 2488 1243 2531 manus
1261 2488 1288 2531 c(

310 2586 325 2633 r
343 2582 413 2626 rere
435 2560 606 2627 audebant.
650 2581 725 2624 cum
746 2559 850 2624 victor
870 2560 1010 2643 equestri
1031 2560 1152 2645 proelio
1173 2583 1247 2638 rex,
1272 2583 1288 2646 p

343 2667 504 2721 momento
522 2656 549 2719 si
567 2654 779 2730 adiuvissent,
796 2654 991 2720 debellatum
1008 2677 1078 2719 esse
1097 2653 1288 2741 [clamare]t‚

343 2759 480 2833 portum
492 2748 674 2814 adhortanti
690 2750 874 2834 supervenit
890 2750 1041 2834 phalanx,
1060 2770 1158 2833 quam
1172 2773 1232 2815 sus
1249 2774 1288 2835 sp

343 2864 386 2908 ns
403 2842 519 2907 audaci
535 2852 648 2927 coepto
666 2841 826 2919 deessent,
844 2843 982 2929 Hippias
1000 2855 1033 2908 et
1050 2843 1239 2909 Leonnatus
1257 2868 1288 2909 rs

345 2934 559 3013 adduxerant,
580 2947 752 3021 postquam
773 2959 925 3023 prospere
942 2960 1105 3024 pugnasse
1123 2940 1266 3021 equitem
1282 2963 1288 3002 a

309 3049 327 3097 s
344 3041 469 3117 petunt
504 3031 679 3097 fluctuante
696 3054 773 3117 rege
788 3033 873 3097 inter
889 3055 981 3119 spem
999 3045 1184 3117 metumque
1203 3045 1288 3099 tants

344 3124 509 3192 conandae
529 3122 693 3192 Cretensis
713 3124 882 3204 Euander,
909 3148 974 3210 quo
1001 3127 1144 3192 ministro
1167 3127 1288 3214 Delphi

343 3218 475 3286 insidias
492 3219 647 3288 Eumenis
663 3221 750 3307 regis
767 3243 846 3286 usus
864 3233 942 3297 erat,
960 3233 1130 3307 postquam
1148 3246 1266 3307 agmen
1283 3247 1288 3309 q

309 3332 326 3379 s
345 3325 415 3379 tum
436 3314 633 3380 venientium
654 3315 716 3380 sub
739 3314 839 3401 signis
862 3314 956 3392 vidit,
983 3315 1025 3380 ad
1046 3338 1156 3401 regem
1179 3317 1288 3382 adeun

343 3428 473 3473 monere
485 3407 608 3484 institit,
622 3431 663 3474 ue
676 3408 778 3475 elatus
795 3408 948 3475 felicitate
962 3432 1119 3475 summam
1133 3434 1241 3476 rerum
1257 3424 1287 3476 te

296 3522 329 3570 10
346 3501 381 3566 iu
400 3521 466 3565 non
487 3502 701 3567 necessariam
721 3504 826 3569 aleam
848 3504 952 3569 darete
980 3504 1008 3568 si
1035 3515 1203 3569 contentus
1232 3506 1288 3570 beu

345 3604 438 3680 gesta
461 3593 602 3677 quiesset
627 3618 666 3661 eo
693 3596 758 3672 die,
785 3597 838 3663 vel
863 3598 952 3683 pacis
977 3598 1129 3664 honestae
1154 3601 1288 3665 condicit

345 3687 540 3764 habiturum,
557 3689 609 3753 vel
625 3690 779 3775 plurim0s
791 3691 868 3757 belli
881 3692 994 3768 socios,
1012 3693 1069 3776 qui
1085 3693 1248 3758 fortunam
1263 3718 1288 3759 st

346 3793 470 3858 rentur,
488 3781 517 3847 si
536 3780 655 3850 bellare
676 3786 795 3851 mallet.
837 3787 872 3850 in
888 3787 950 3852 hoc
968 3787 1135 3853 consilium
1159 3790 1288 3872 pronior

296 3896 328 3943 11
347 3875 472 3940 animus
493 3876 588 3962 regis.
631 3877 740 3963 itaque
762 3879 952 3945 conlaudato
969 3879 1124 3946 Euandro
1147 3883 1242 3967 signa
1264 3906 1288 3947 rt

345 3968 554 4056 peditumque
576 3994 693 4058 agmen
713 3974 817 4041 redire
838 3974 873 4039 in
896 3986 1000 4039 castra
1018 3976 1120 4052 iubet,
1144 3977 1288 4060 equitibu

346 4065 453 4151 ceptui
470 4087 593 4131 canere

315 4178 328 4224 1
410 4159 489 4226 LX
517 4157 671 4228 Cecidere
698 4184 736 4228 eo
762 4163 814 4229 die
840 4164 882 4229 ab
905 4163 1058 4229 Romanis
1087 4166 1215 4231 ducenti
1240 4188 1288 4250 eqr

349 4253 412 4318 duo
422 4252 539 4341 [milia]
554 4256 631 4322 haut
648 4255 753 4322 minus
770 4258 924 4343 peditum,
942 4260 1027 4345 capti
1044 4261 1181 4326 sescenti
1198 4261 1288 4326 ferme
