3359 5092
283 469 286 474 ’
348 489 411 558 1'18
551 498 669 556 emsa
686 496 838 568 xxxxv,
857 497 900 552 ss.
914 497 958 552 aa.
978 497 1164 572 [ausser]
1251 435 1254 442 Ι

347 662 494 730 cessisset
510 658 609 723 -id
635 658 699 723 diei
725 656 786 722 iter
811 666 862 722 est
882 692 926 704 —
947 657 1055 743 ipsum
1082 655 1213 740 quidem
1239 657 1370 745 benigne

347 757 503 824 allocutus
520 763 583 831 est3
606 762 747 819 ceterum
769 761 941 837 postquam
962 751 997 816 in
1014 761 1119 816 castra
1136 751 1180 816 ad
1196 752 1369 839 Amphipe

347 851 404 916 lim
429 848 532 926 venit,
564 847 705 934 graviter
734 845 931 933 increpuisse
956 846 1092 912 traditur
1118 843 1158 913 C.
1187 846 1367 933 Sulpicium,

298 966 330 1015 10
347 946 486 1033 primum
503 945 591 1030 quod
607 943 729 1009 Persea
745 955 812 1009 tam
829 942 941 1029 procul
959 967 979 1008 a
996 966 1030 1008 sc
1045 943 1158 1029 vagari
1175 966 1234 1030 per
1251 943 1366 1029 provin·

348 1043 430 1109 ciam
446 1063 561 1127 passus
579 1049 673 1116 esset,
692 1037 807 1103 deinde
821 1039 908 1123 quod
922 1038 1003 1104 adeo
1015 1037 1201 1106 indulsisset
1213 1039 1364 1116 militibus,

346 1147 383 1201 ut
406 1135 529 1201 nudare
552 1132 667 1220 tegulis
689 1155 798 1198 muros
821 1131 911 1197 urbis
938 1133 979 1196 ad
1006 1132 1144 1219 tegenda
1171 1132 1363 1200 hibernacula

347 1252 406 1295 sua
431 1238 604 1315 peteretur.
648 1226 823 1310 referrique
849 1226 974 1312 tegilas
997 1237 1030 1292 et
1055 1226 1143 1294 refici
1170 1238 1270 1304 tecta,
1295 1228 1362 1292 sicut

297 1341 328 1390 11
347 1324 483 1400 fuerant,
500 1321 603 1386 iussit.
647 1331 679 1385 et
695 1320 816 1385 Persea
833 1320 963 1404 quidem
981 1343 1055 1385 cum
1072 1322 1192 1388 maiore
1214 1322 1280 1387 filio
1295 1320 1360 1387 Phi·

346 1418 434 1504 lippo
459 1416 591 1481 traditos
616 1416 660 1480 A.
686 1415 853 1480 Postumio
882 1414 916 1480 in
943 1415 1120 1482 custodiam
1145 1416 1249 1494 misit,
1278 1417 1360 1480 filiam

347 1535 422 1577 cum
439 1512 560 1576 minore
578 1509 642 1574 filio
661 1533 681 1574 a
695 1507 904 1576 Samothrace
922 1510 1040 1576 accitos
1049 1510 1273 1597 Amphipolim
1290 1507 1360 1576 omni

346 1606 471 1673 liberali
488 1606 577 1670 cultu
593 1603 716 1670 habuit.

315 1718 329 1766 1
411 1699 599 1768 XXVIIII.
626 1698 717 1785 Ipse,
740 1698 797 1764 ubi
814 1699 882 1765 dies
900 1698 1003 1777 venit,
1025 1721 1089 1784 quo
1107 1699 1222 1767 adesse
1239 1697 1360 1787 Amphi·

346 1796 412 1883 poli
425 1797 524 1862 denos
538 1794 698 1881 principes
713 1793 889 1860 civitatium
901 1794 1046 1872 iusserat,
1064 1795 1251 1880 litterasque
1265 1793 1359 1870 omnir.
1381 1801 1386 1816 ¹

347 1913 429 1975 quae
446 1890 566 1974 ubique
590 1888 752 1976 depositae
770 1899 891 1966 essent,
913 1901 946 1954 et
968 1889 1137 1975 pecuniam
1160 1891 1284 1976 regiam
1299 1867 1387 1953 cou-¹

347 1986 438 2063 ferri,
465 2007 540 2051 cum
562 1985 673 2050 decem
695 1984 825 2070 legatis,
853 1984 1046 2050 circumiissa
1063 1986 1150 2050 omni
1171 1984 1358 2050 multitudine
1377 1947 1387 2028 l

313 2093 328 2141 2
346 2079 574 2157 Macedonum,
591 2078 625 2142 in
643 2077 794 2144 tribunali
812 2078 964 2146 consedit.
1009 2078 1151 2145 adsuetis
1168 2081 1260 2167 regio
1275 2080 1359 2164 imps-

346 2176 394 2240 rio
416 2185 524 2240 tamen
544 2195 664 2239 novum
686 2173 823 2238 formam
845 2172 1018 2239 terribilem
1039 2174 1203 2260 praebuit:
1228 2171 1358 2250 tribunal,

347 2278 505 2336 summoto
528 2268 648 2345 aditus,
665 2288 797 2353 praeco,
815 2288 984 2345 accensus,
1001 2269 1128 2334 insueta
1146 2269 1256 2335 omnia
1276 2265 1357 2334 cordis

347 2364 556 2447 auribusque,
574 2385 658 2448 quse
675 2363 727 2428 vel
745 2361 858 2440 socios,
875 2362 996 2429 nedum
1012 2362 1121 2428 hostes
1139 2365 1242 2430 victos
1261 2375 1357 2429 terrare

313 2469 485 2545 spossent.
529 2458 655 2524 silentio
676 2479 734 2543 per
759 2478 951 2542 praeconem
976 2457 1078 2535 facto,
1105 2457 1232 2524 Paulus
1249 2457 1356 2530 Latine

346 2575 429 2638 quac
448 2553 586 2631 senatui,
609 2574 692 2638 quae
711 2550 771 2615 sibi
793 2573 835 2616 ex
852 2551 976 2618 consilii
993 2554 1151 2619 sententia
1173 2554 1245 2619 visa
1262 2559 1356 2626 essent.

346 2648 573 2733 pronuntiavit.
617 2669 656 2713 ea
679 2642 742 2712 On.
766 2641 923 2712 Octavius
945 2657 1074 2733 praetor
1089 2683 1135 2694 —
1151 2670 1229 2713 nam
1252 2647 1357 2732 etipse

312 2762 330 2809 4
348 2742 724 2827 aderat-interpretata
741 2762 887 2806 sermone
897 2739 1025 2808 Graeco
1039 2742 1214 2810 referebat:
1235 2741 1356 2810 omniun

346 2836 485 2921 primum
506 2835 623 2900 liberos
644 2857 714 2902 esse
735 2835 848 2902 iubere
869 2834 1083 2915 Macedonas,
1109 2837 1260 2905 habentis
1280 2836 1371 2904 urbs·

347 2929 477 2994 easdem
498 2950 670 3015 agrosque,
697 2940 821 2995 utentes
843 2930 969 3015 legibus
988 2932 1069 3010 suis,
1096 2955 1223 2998 annuos
1241 2927 1354 2998 creantis

348 3022 568 3108 magistratum
589 3023 745 3089 tributum
762 3023 930 3089 dimidium
952 3025 1022 3092 eius
1039 3025 1128 3110 quod
1150 3027 1353 3114 pependissent

313 3117 477 3204 sregibus
507 3119 647 3205 pendere
673 3119 792 3205 populo
813 3118 971 3184 Romano.
1021 3119 1136 3187 deinde
1164 3122 1197 3186 in
1227 3129 1352 3209 quattuor

346 3212 492 3297 regiones
515 3213 614 3278 dividi
630 3212 871 3278 Macedoniam:
894 3236 992 3280 unam
1008 3214 1078 3281 fore
1096 3225 1127 3280 et
1149 3216 1286 3301 primam
1299 3229 1353 3299 ptr·

346 3315 412 3371 tem
435 3307 522 3390 quod
544 3308 614 3393 agri
635 3307 718 3373 inter
737 3306 941 3393 Strymonem
963 3317 996 3374 et
1011 3308 1153 3374 Nessum
1175 3310 1216 3376 sit
1241 3327 1352 3380 amnem

314 3417 551 3466 taocessurum
571 3401 647 3467 huic
668 3401 752 3488 parti
774 3413 862 3468 trans
884 3401 1039 3482 Nessum,
1064 3403 1108 3470 ad
1129 3405 1283 3473 orientem
1300 3421 1352 3468 ser·

347 3515 434 3570 sum,
452 3514 518 3577 qua
533 3494 672 3562 Perseus
690 3497 845 3563 tenuisset
860 3496 958 3575 vicos,
977 3499 1117 3578 castella,
1137 3501 1267 3587 oppidu,
1283 3513 1352 3586 prat·

347 3596 396 3652 ter
420 3586 551 3653 Aenum
582 3601 615 3656 et
640 3590 831 3656 Maroneam
857 3602 890 3658 et
914 3592 1063 3671 Abdera3
1096 3594 1142 3659 cis
1171 3593 1352 3682 Strymonia

347 3690 455 3747 autem
480 3685 645 3769 vergentia
675 3685 718 3751 ad
743 3707 907 3764 occasum,
933 3687 1121 3755 Bisalticam
1148 3703 1351 3758 omnemcrn

314 3793 328 3843 t
346 3775 516 3854 Heraclea,
533 3798 630 3861 quam
640 3777 785 3846 Sinticen
797 3781 969 3867 appellant.
997 3784 1173 3850 secundam
1190 3785 1259 3852 fore
1271 3797 1351 3868 rege·

346 3890 431 3947 nem,
450 3892 546 3955 quam
565 3872 606 3936 ab
624 3885 695 3939 ortu
705 3871 835 3960 Strymo
854 3876 1100 3962 amplecteretur
1116 3880 1232 3959 amnis,
1249 3885 1351 3968 praet&

347 3959 501 4039 Sinticen,
519 3965 710 4032 Heracleam
728 3978 760 4034 et
776 3968 931 4047 Bisaltas,
949 3971 990 4036 ab
1008 3993 1126 4039 occasu
1144 3974 1252 4040 Axius
1269 3963 1353 4040 terri·

346 4068 436 4124 naret
453 4056 579 4137 fluvius,
597 4062 712 4127 additis
720 4062 916 4141 Paeonibus,
934 4065 991 4151 qui
1007 4089 1108 4154 prope
1117 4068 1243 4134 Axium
1256 4069 1352 4134 fluns

312 4151 389 4220 sad
409 4152 572 4238 regionem
594 4156 722 4223 orientis
745 4159 894 4226 colerent.
938 4162 1032 4229 tertia
1052 4184 1128 4249 pars
1151 4165 1252 4242 facta,
1276 4175 1352 4247 qum

348 4244 452 4311 Axius
470 4249 511 4314 ab
529 4250 664 4327 oriente,
682 4253 810 4320 Peneus
832 4255 935 4321 amnis
958 4256 1000 4323 ab
1018 4279 1135 4326 occasu
1158 4259 1302 4346 cingunt3
1323 4244 1353 4316 tl
