3359 5092
360 521 405 594 66
566 530 685 588 LIBER
701 529 861 599 mm,
880 529 923 584 46.
936 528 978 582 47.
998 527 1182 598 [auctu]

361 691 397 756 in
417 688 644 756 Macedoniam
665 687 837 773 recepisset
860 708 945 763 sese,
970 686 1094 772 legatos
1116 685 1254 752 Romam
1277 686 1316 754 de
1336 686 1374 750 in·

362 783 483 851 cohatis
501 804 575 850 eum
586 781 713 848 Marcio
732 779 973 846 condicionibus
990 779 1078 865 pacis
1096 780 1192 858 misit,
1211 791 1244 846 et
1260 779 1373 865 Byzan·

328 899 345 948 a
363 880 443 945 tium
460 889 492 944 et
511 874 535 963 [.
545 925 554 942 .
564 925 573 942 .
583 878 609 960 .]
626 876 778 942 Rhodum
794 875 917 941 litteras
933 875 1048 961 legatis
1065 875 1214 944 ferendas
1232 875 1326 941 dedit
1347 874 1371 940 iu

362 972 475 1040 litteris
496 971 611 1038 eadem
635 968 794 1038 sententia
819 969 987 1036 adomnia
1014 981 1096 1048 erat,
1123 970 1325 1036 conlocutum
1345 991 1370 1034 se

362 1089 438 1133 oum
445 1065 667 1132 Romanorum
681 1064 813 1151 legatis:
832 1086 916 1149 quae
934 1064 1076 1131 audisset
1092 1085 1241 1149 quaeque
1259 1065 1369 1130 dixisset

360 1164 407 1228 ita
429 1162 597 1248 disposita,
622 1172 659 1226 ut
684 1159 829 1247 superior
851 1159 951 1225 fuisse
976 1160 1010 1224 in
1032 1159 1263 1245 disceptatione
1289 1156 1368 1224 videti

328 1276 344 1324 ι
361 1268 478 1343 posset.
507 1267 586 1342 aput
601 1254 747 1322 Rhodios
762 1254 864 1364 legati
881 1253 1082 1331 addiderunt,
1100 1253 1260 1320 confidere
1276 1273 1366 1363 pacm

361 1352 519 1428 futuram,
545 1349 728 1416 auctoribus
754 1349 840 1415 enim
869 1348 994 1414 Marcio
1026 1360 1122 1432 atque
1147 1348 1251 1416 Atilio
1275 1346 1365 1412 missos

361 1446 499 1514 Romam
516 1445 654 1532 legatos·
672 1444 701 1510 si
717 1455 889 1530 pergerent
905 1443 1044 1509 Romani
1061 1454 1172 1508 contre
1188 1442 1301 1508 foedus
1316 1459 1364 1505 mo·

362 1563 437 1606 vere
454 1541 586 1617 bellum,
604 1552 675 1604 tum
691 1539 779 1604 omni
794 1539 916 1624 gratia,
933 1538 1021 1602 omni
1038 1558 1099 1623 ope
1116 1537 1301 1603 enitendum
1316 1535 1363 1600 lore

327 1633 500 1710 tRhodis,
523 1646 560 1698 ut
576 1633 781 1699 reconcilient
796 1655 924 1741 pacem3
947 1632 975 1697 si
996 1631 1075 1698 nibil
1097 1631 1298 1717 deprecando
1313 1649 1398 1744 prol

361 1727 485 1805 liciant,
510 1727 547 1793 id
562 1727 737 1814 egendum,
763 1749 805 1792 ne
828 1726 972 1792 omnium
993 1749 1101 1792 rerum
1122 1726 1172 1790 ius
1190 1747 1230 1792 ac
1250 1697 1399 1832 possus}

362 1821 405 1886 ad
425 1844 527 1887 unum
546 1822 702 1907 populum
722 1821 897 1907 perveniat.
941 1842 1016 1886 cnm
1038 1831 1217 1886 ceterorum
1237 1820 1272 1885 id
1291 1811 1399 1936 interi

362 1938 443 1994 esse,
460 1927 530 1980 tum
546 1916 716 2003 praecipue
724 1915 935 1993 Rhodiorum,
952 1935 1017 1999 quo
1033 1914 1129 2001 plus
1119 1925 1204 1980 mter
1217 1912 1332 1980 alias'
1310 1889 1399 1978 cui-⁴

362 2023 445 2078 tates
461 2010 617 2097 dignitate
638 2024 735 2122 atquc
751 2010 867 2097 opibus
884 2011 1055 2086 excellant3
1078 2031 1162 2093 quac
1183 2031 1277 2075 serva
1291 2018 1362 2092 atqu

362 2103 503 2170 obnoxia
526 2103 663 2182 fore,
636 2128 666 2171 ar
685 2105 793 2170 nullus
814 2104 878 2170 alio
902 2105 943 2170 sit
965 2125 1063 2187 quam
1089 2102 1132 2167 ad
1153 2102 1313 2168 Romanos
1330 2119 1384 2190 rc·

329 2211 500 2284 nspectus.
543 2200 648 2286 magis
669 2213 702 2267 et
722 2200 847 2265 litterae
869 2210 902 2265 et
923 2198 1023 2265 rerba
1048 2197 1229 2284 legatorum
1252 2196 1362 2280 bmignt

362 2307 437 2359 sunt
458 2292 568 2358 audita
588 2315 687 2378 quam
708 2307 907 2360 momentum
928 2292 971 2358 ad
995 2291 1165 2358 mutandos
1188 2291 1308 2357 animos
1326 2289 1363 2354 be·

362 2389 515 2466 buerunt;
531 2390 690 2475 potentior
701 2412 771 2456 esse
784 2388 885 2475 partis
898 2387 1036 2454 melioris
1052 2386 1225 2452 auctoritas
1234 2389 1362 2495 coepenl·

328 2501 344 2550 ι
361 2505 550 2569 responsum
565 2507 608 2550 ex
624 2483 753 2550 decreto
770 2493 830 2560 est,
849 2495 961 2568 optare
978 2504 1092 2567 pacem
1099 2479 1260 2558 Rhodics;
1277 2503 1303 2544 ιι
1293 2472 1364 2542 bd·

361 2578 430 2642 lum
451 2591 548 2656 esset,
570 2600 612 2646 ne
632 2577 712 2662 quid
734 2576 776 2642 ab
793 2576 928 2643 Rhodiis
947 2586 1089 2662 speraret
1105 2584 1162 2640 aut
1182 2585 1304 2660 peteret
1317 2589 1364 2644 mn

361 2672 450 2755 quod
466 2685 607 2738 veterem
629 2673 817 2751 amicitiam,
838 2671 948 2737 multis
965 2670 1154 2757 magnisque
1171 2670 1292 2735 meritis
1308 2681 1365 2753 pact

331 2785 344 2832 ι
362 2767 511 2848 belloque
528 2779 669 2852 partam.
687 2767 868 2853 diiungeret
886 2766 947 2832 sibi
964 2788 1003 2831 ac
1019 2765 1183 2831 Romanis.
1216 2765 1259 2830 ab
1274 2758 1366 2832 Rhodo

362 2859 532 2926 redeuntes
549 2859 703 2928 Boeotiae
719 2883 848 2946 quoque
867 2862 1022 2938 civitates,
1040 2872 1072 2926 et
1090 2858 1220 2925 Thebas
1239 2871 1271 2925 et
1289 2856 1369 2926 Coro

362 2975 458 3018 neam
474 2967 505 3019 et
522 2953 720 3032 Haliartum,
747 2955 909 3033 adierunt,
934 2955 1051 3064 quibus
1073 2975 1262 3039 expressum
1283 2948 1370 3018 invio

363 3047 617 3126 existimabatur,
639 3065 676 3116 nt
697 3051 809 3116 relicta
829 3050 921 3136 regia
937 3049 1087 3115 societate
1104 3047 1261 3114 Romanis
1279 3047 1372 3113 adim·

330 3160 346 3209 ι
362 3157 522 3228 gerentur.
566 3144 714 3212 Thebani
730 3145 809 3211 nibil
825 3144 905 3210 moti
922 3155 1011 3220 sunt,
1033 3165 1231 3228 quamquam
1248 3133 1373 3209 nonnul
1397 3197 1398 3208 ,

362 3253 396 3304 et
416 3237 573 3304 damnatis
598 3241 794 3326 principibus
815 3253 848 3306 et
873 3239 1026 3307 restitutis
1047 3237 1195 3304 exulibus
1225 3256 1375 3304 snoeenst·

330 3331 443 3396 sbant
466 3331 631 3398 Romanis
684 3333 845 3402 Coronaei
875 3351 907 3400 et
933 3333 1084 3399 Haliartii
1112 3332 1223 3399 favore
1251 3331 1375 3416 quodam

364 3423 459 3488 insito
475 3425 510 3490 in
532 3449 625 3512 reges
646 3427 771 3514 legatos
794 3429 829 3494 in
845 3427 1071 3494 Macedoniam
1094 3426 1250 3492 miserunt
1272 3420 1398 3513 praed·¹

364 3515 455 3580 dium
480 3537 639 3602 petentes,
664 3543 730 3605 quo
756 3545 792 3588 se
814 3522 968 3588 adversus
990 3522 1186 3607 inpotentem
1208 3519 1376 3607 superbiant

315 3630 348 3678 lo
364 3609 592 3678 Thebanorum
613 3617 696 3681 tueri
715 3617 848 3702 possint.
892 3616 944 3682 cui
965 3615 1117 3701 legationi
1138 3635 1324 3699 responsum
1343 3608 1376 3676 ab

364 3729 441 3792 rege
462 3725 527 3784 est,
552 3711 746 3794 praesidium
766 3735 802 3777 se
823 3733 953 3798 propter
980 3709 1118 3775 indutias
1140 3731 1215 3774 cnm
1238 3703 1377 3774 Romani!

364 3800 466 3866 factas
483 3803 608 3870 mittere
623 3827 690 3870 non
710 3827 819 3892 posse:
847 3825 955 3872 tamen
970 3805 1016 3870 ita
1034 3803 1183 3880 suadere,
1202 3804 1245 3868 ab
1263 3800 1378 3868 Theba·

363 3915 478 3960 nomm
490 3894 622 3974 iniuriis,
638 3919 704 3982 qua
716 3915 855 4010 possent,
868 3913 903 3965 ut
919 3922 952 3964 se
962 3898 1169 3975 sindicarent,
1186 3919 1227 3963 ne
1237 3893 1377 3964 Romani!

363 3989 553 4076 praeberent
569 4015 699 4059 causam
715 3995 750 4059 in
767 4017 802 4060 se
818 3995 992 4061 saeviendi.

332 4101 347 4148 1
428 4083 609 4154 XXXXl
609 4087 654 4152 11.
680 4089 826 4156 Marcius
848 4109 879 4156 et
897 4089 1016 4154 Atilius
1035 4087 1172 4154 Romam
1194 4108 1271 4152 cunr
1287 4084 1380 4153 venit·

365 4197 446 4254 sent,
463 4180 656 4266 legationem
671 4179 875 4268 inCapitolio
893 4184 937 4248 ita
954 4183 1185 4258 renuntiarunt,
1202 4195 1238 4246 ut
1255 4181 1340 4247 nulla
1351 4197 1380 4242 rc

368 4272 473 4356 mgis
493 4275 706 4359 gloriaremur
727 4297 826 4360 quam
847 4277 982 4363 decepto
1004 4299 1061 4363 per
1082 4275 1221 4342 indutias
1243 4287 1275 4342 et
1301 4293 1381 4360 rpem

228 4419 318 4521 ις
