3359 5092
436 553 554 610 arnan
570 549 759 621 xxxxnn,
778 550 820 608 aa.
835 550 878 605 aa
898 549 1054 620 [eonas]
1197 539 1259 608 133

285 723 315 777 te
332 721 464 797 postero
481 710 532 774 die
550 730 647 793 quam
666 707 790 776 Subota
808 709 917 774 classis
935 709 1050 787 tenuit,
1069 711 1210 794 quinque
1228 722 1258 776 et
1279 733 1292 780 r

285 807 365 890 p’nta
381 826 490 880 naves,
508 825 588 887 quas
606 804 808 890 hippagogus
825 813 956 879 vocant,
975 804 1016 868 ab
1035 803 1137 869 Elaea
1153 805 1260 891 profe-

285 924 301 966 e
315 922 392 965 cum
406 898 565 982 equitibus
575 896 680 964 Gallis
693 898 847 981 equisque
861 896 993 962 Phanas
1005 900 1259 983 promunturium

285 995 391 1058 iorum
403 992 565 1077 petebant,
578 991 664 1056 unde
678 992 890 1056 transmittere
904 992 939 1055 in
947 992 1172 1056 Macedoniam
1185 1014 1260 1077 pos·

285 1100 311 1152 t.
357 1086 471 1150 Attalo
493 1085 535 1149 ab
558 1084 704 1150 Eumene
729 1085 945 1150 mittebantur.
994 1083 1052 1150 has
1078 1107 1176 1150 naves
1202 1107 1259 1170 per
1277 1109 1292 1153 s

285 1204 332 1245 rm
346 1180 426 1244 ferri
440 1201 514 1245 cum
527 1201 568 1245 ex
583 1179 713 1264 specula
730 1178 857 1263 signum
870 1178 981 1243 datum
994 1179 1151 1245 Antenori
1165 1193 1259 1256 esset,

285 1274 397 1339 fectus
429 1272 470 1337 ab
497 1270 629 1338 Subotis
659 1272 740 1337 inter
765 1271 979 1357 Erythrarum
1003 1272 1259 1357 promunturimn

285 1369 430 1450 'rumque
448 1386 512 1448 qua
529 1365 722 1430 artissimum
738 1366 856 1431 fretum
874 1376 937 1442 est,
955 1370 982 1430 is
1001 1366 1145 1430 occurrit.
1180 1365 1259 1430 nihil
1278 1386 1291 1434 e

285 1484 338 1525 rus
357 1459 488 1525 credere
504 1459 657 1545 praefecti
666 1458 819 1524 Eumenis
838 1481 935 1544 quam
943 1460 1161 1525 Macedonum
1178 1460 1259 1524 clas-

285 1580 295 1620 1
316 1556 353 1619 in
370 1555 427 1619 illo
444 1554 555 1639 vagari
572 1554 666 1617 mari:
684 1576 771 1618 nuno
787 1554 950 1619 Romanoa
968 1573 1047 1631 esse,
1065 1577 1151 1621 nunc
1163 1554 1260 1619 Atta-

285 1677 310 1728 t,
337 1659 397 1713 aut
414 1648 562 1713 remissos
581 1648 705 1730 aliquos
722 1648 764 1713 ab
780 1647 892 1712 Attalo
916 1671 954 1714 ex
977 1648 1087 1716 castris
1105 1648 1258 1714 Romanis

285 1763 434 1830 egamum
446 1753 563 1827 petere.
590 1741 648 1806 sed
661 1764 734 1806 cum
746 1740 811 1805 iam
820 1740 1142 1827 adpropinquantium
1155 1741 1259 1806 forma
1278 1763 1309 1809 10

285 1837 414 1901 ‚borum
441 1834 527 1900 haud
550 1835 648 1900 dubia
670 1846 754 1900 esset
775 1848 808 1899 et
829 1835 997 1900 concitatio
1019 1857 1180 1901 remorum
1203 1835 1258 1901 de·

285 1951 406 2014 neque
423 1929 456 1992 in
474 1951 508 1993 se
525 1951 639 2015 prorae
656 1928 755 1994 hostis
774 1929 1031 2015 adpropinquare
1049 1930 1257 2015 aperuissent,

285 2048 304 2092 c
318 2025 441 2090 iniecta
454 2025 621 2110 trepidatio
630 2035 688 2089 est.
715 2046 789 2089 cum
801 2023 969 2089 resistendi
983 2047 1055 2111 spes
1068 2024 1258 2101 nullaesset,
1279 2044 1308 2091 11

285 2119 431 2201 abilique
447 2119 578 2183 navium
594 2140 712 2204 genere
730 2129 762 2184 et
779 2116 883 2184 Gadis
901 2118 956 2182 vix
973 2119 1113 2203 quietem
1129 2119 1259 2186 ferenti·

303 2213 344 2278 in
361 2212 459 2289 mari,
486 2236 560 2298 pars
579 2235 704 2291 eorum,
730 2214 785 2297 qui
802 2214 967 2298 propiores
984 2214 1156 2279 continenti
1173 2214 1258 2279 litori
1278 2231 1308 2278 1·2

285 2321 331 2386 nt,
349 2307 387 2371 in
404 2306 615 2392 Erythraeam
632 2319 776 2384 errarunt,
794 2330 869 2393 pars
887 2309 966 2372 vebs
983 2308 1065 2373 datis
1082 2309 1125 2373 ad
1139 2305 1257 2372 Chium

285 2423 330 2467 'es
349 2401 487 2475 eiecere,
509 2401 689 2484 relictisque
708 2402 797 2484 equis
820 2401 922 2467 effusa
944 2402 1023 2487 fuga
1040 2402 1153 2466 urbem
1170 2412 1258 2487 pete-

285 2509 317 2560 rt.
355 2495 415 2559 sed
431 2495 562 2580 propius
579 2496 693 2561 urbem
714 2495 811 2562 lembi
830 2518 1025 2580 accessuque
1044 2496 1256 2561 commodiore
1278 2511 1307 2559 1³

285 2613 305 2653 n
322 2588 549 2673 exposuissent
562 2600 710 2665 armatos,
727 2590 844 2674 partim
861 2590 894 2654 in
909 2590 961 2654 via
977 2589 1137 2675 fugientes
1147 2587 1258 2655 Gallos

285 2683 340 2768 epti
347 2682 548 2748 Macedones
557 2683 749 2760 ceciderunt,
758 2684 875 2768 partim
885 2695 958 2749 ante
967 2695 1093 2769 portam
1102 2685 1256 2749 exclusos.

285 2786 414 2842 merant
431 2775 516 2840 enim
535 2773 609 2840 Chii
625 2788 750 2862 portas,
767 2778 872 2863 ignari
894 2778 950 2862 qui
971 2779 1121 2864 fugerent
1137 2789 1193 2843 aut
1210 2800 1260 2843 se·

285 2881 417 2936 crentur.
445 2870 618 2955 octingenti
632 2871 733 2938 ferme
742 2870 911 2938 Gallorum
924 2873 1034 2950 occisi,
1052 2872 1181 2938 ducenti
1194 2872 1259 2936 vivi
1277 2889 1308 2935 14

285 2965 317 3030 >ti
322 2989 332 3042 3
351 2964 428 3047 equi
445 2987 518 3050 pars
535 2965 569 3029 in
582 2966 664 3029 mari
681 2965 789 3031 fractis
803 2966 939 3031 navibus
953 2966 1124 3051 absumpti,
1142 2966 1259 3051 partim

285 3081 348 3123 :vos
367 3058 571 3123 succiderunt
588 3060 622 3123 in
639 3060 731 3125 litore
748 3059 955 3127 Macedones.
990 3060 1105 3145 viginti
1122 3059 1257 3124 eximiae
1277 3076 1307 3121 15

285 3175 334 3216 ms
351 3152 474 3218 formae
496 3174 570 3217 cum
588 3154 721 3238 captivis
740 3153 868 3219 eosdem
886 3154 997 3219 decem
1014 3153 1149 3229 lembos,
1176 3171 1256 3235 quos

285 3249 471 3324 remiserat,
489 3249 635 3314 Antenor
652 3249 810 3315 devehere
826 3248 1086 3314 Thessalonicam
1103 3246 1208 3321 iussit,
1227 3256 1259 3310 et

285 3362 338 3405 mo
356 3362 485 3425 quoque
502 3353 645 3428 tempore
661 3343 703 3407 ad
717 3344 851 3409 classem
865 3343 995 3408 reverti:
1012 3341 1134 3406 Phanis
1152 3363 1186 3406 se
1204 3361 1259 3405 eos
1279 3355 1309 3403 16

285 3447 505 3522 spectatarum.
536 3437 678 3501 triduum
695 3438 795 3504 ferme
814 3438 923 3503 classis
941 3437 982 3501 ad
1000 3435 1111 3501 urbem
1130 3431 1258 3521 [stetit]

285 3553 367 3594 ranas
384 3530 461 3595 inde
478 3532 638 3617 progressi
655 3543 740 3609 sunt,
758 3544 790 3598 et
807 3555 865 3617 spe
882 3530 1015 3597 celerius
1033 3531 1186 3616 regressis
1204 3529 1259 3596 de·

285 3647 309 3688 n
324 3625 439 3689 lembis
457 3626 560 3690 evecti
576 3627 709 3712 Aegaeo
726 3627 808 3691 mari
824 3625 946 3690 Delum
964 3624 1164 3690 traiecerunt.

301 3715 490 3784 XXVIIII.
521 3719 612 3785 Dum
637 3719 717 3786 haec
741 3731 911 3806 geruntur,
937 3718 1035 3803 legati
1059 3718 1197 3784 Romani
1220 3715 1291 3782 C.1

285 3813 396 3897 pillius
412 3825 446 3878 et
464 3810 503 3877 O.
513 3812 679 3879 Decimius
697 3825 730 3880 et
747 3811 786 3879 C.
800 3813 959 3878 Hostilius
977 3836 997 3876 a
1015 3809 1169 3880 Chalcide
1186 3833 1260 3897 pro-

285 3909 314 3973 ai
327 3909 430 3973 tribus
443 3909 725 3993 quinqueremibus
733 3908 855 3973 Delum
867 3929 942 3973 cum
954 3907 1125 3983 venissent,
1138 3904 1259 3970 lembos

304 4001 524 4068 Macedonum
549 4003 760 4088 quadraginta
782 4014 815 4067 et
836 4000 978 4085 quinque
998 4000 1084 4086 regis
1105 3996 1258 4062 Eumenis

285 4096 477 4180 inqueremis
507 4095 705 4162 invenerunt.
758 4096 909 4161 sanctitas
939 4095 1048 4180 templi
1074 4089 1291 4169 imulaequea

285 4191 407 4255 riolatcs
424 4190 606 4275 praestabat
622 4212 742 4256 omnes.
767 4190 877 4273 itaque
893 4187 1042 4275 permixti
1059 4179 1258 4262 Romanique

287 4284 486 4351 Macedones
508 4297 541 4351 et
556 4282 711 4351 Eumenis
727 4285 858 4351 navales
877 4282 954 4350 socii
971 4282 1005 4347 in
1022 4276 1150 4361 templo,
1167 4274 1260 4338 indu·
