3359 5092
516 544 634 602 mauu
651 545 840 616 xxxxun,
860 548 959 602 15.16.
979 546 1133 615 [auree]
1277 535 1337 602 121

375 704 458 770 XV.
486 701 641 769 Claudius
667 703 746 767 nihil
775 726 963 789 responsum
989 723 1100 770 auctor
1125 718 1187 772 est:
1213 717 1337 774 tantum
1359 733 1372 778 1

309 811 442 864 senatus
460 799 638 863 consultum
655 798 837 875 recitatum,
856 819 919 882 quo
929 796 1030 865 Caras
1044 812 1077 865 et
1084 800 1203 886 Lycios
1221 802 1336 869 liberos

255 917 265 986 q
309 916 381 959 esse
406 892 533 957 iuberet
556 893 695 978 populus
712 893 878 959 Romanus
903 893 1088 980 litterasque
1114 898 1273 982 extemplo
1295 897 1337 962 ad

255 1009 275 1064 ·,
310 1001 481 1071 utramque
502 999 631 1073 gentem
654 1010 679 1050 s.
703 1008 730 1051 c.
753 987 928 1052 indicatum
953 989 1050 1066 mitti;
1077 1011 1142 1074 qua
1167 991 1276 1056 audita
1301 1014 1370 1061 rea

255 1024 281 1172 b
311 1081 488 1168 prinoipem
512 1081 695 1167 legationis,
722 1082 813 1145 cuius
841 1082 1146 1168 magniloquentiam
1172 1085 1226 1149 vix
1249 1086 1336 1151 curia

255 1178 406 1330 limo
431 1187 505 1241 ante
527 1186 668 1260 ceperat,
695 1176 860 1242 corruisse.
906 1177 959 1241 alii
980 1200 1169 1262 responsum
1187 1202 1255 1244 esse
1272 1191 1369 1249 tra-3

316 1273 398 1350 dunt,
413 1272 570 1357 populum
578 1271 760 1335 Romanum
769 1282 801 1336 et
814 1271 970 1357 principio
980 1273 1047 1336 eius
1062 1272 1137 1337 belli
1150 1273 1237 1337 haud
1245 1274 1335 1338 vanis

255 1334 293 1422 :l
318 1366 495 1432 auctoribus
509 1377 696 1450 conpertum
713 1365 872 1443 habuisse,
887 1366 1029 1432 Rhodios
1043 1389 1116 1431 cum
1125 1367 1244 1432 Perseo
1258 1390 1335 1454 rege

255 1424 294 1538 ll
320 1462 463 1526 adversus
484 1483 554 1525 rem
576 1460 738 1546 publicam
761 1483 853 1525 suam
874 1462 999 1526 occulta
1021 1461 1152 1527 consilia
1173 1463 1269 1528 inisse
1292 1475 1333 1541 et,
1352 1487 1368 1533 4

260 1543 294 1642 ἦ
321 1555 388 1618 siid
405 1565 480 1618 ante
497 1553 631 1618 dubium
643 1553 766 1631 fuisset,
783 1554 964 1640 legatorum
981 1555 1076 1640 paulo
1090 1566 1163 1621 ante
1181 1556 1279 1621 verba
1293 1557 1335 1621 ad

322 1661 431 1714 eertum
444 1649 605 1735 redegisse
620 1660 652 1714 et
668 1650 856 1735 plerumque
869 1649 971 1734 ipsam
986 1673 1020 1715 se
1037 1651 1192 1729 fraudem,
1211 1652 1334 1718 etiamsi

321 1742 397 1808 initio
415 1744 540 1808 cautior
555 1743 660 1820 fiterit,
679 1742 843 1830 detegere:
861 1744 1003 1809 Rhodios
1021 1767 1107 1810 nuno
1124 1756 1190 1810 toto
1207 1746 1332 1814 inorbe
1350 1768 1365 1814 5

255 1873 259 1878 ·
321 1849 463 1902 terrarum
482 1837 612 1902 arbitria
633 1838 709 1903 belli
726 1839 878 1924 pacisque
896 1861 1007 1924 agere,
1035 1840 1234 1905 Rhodiorum
1251 1853 1332 1906 nutu

321 1953 397 1996 anua
421 1942 604 2018 sumpturos
630 1933 853 2018 positurosque
875 1933 1037 1999 Romanos
1060 1957 1139 2001 esse.
1182 1934 1248 2000 iam
1268 1958 1332 2002 non

255 2077 264 2084 .
322 2025 385 2090 deos
402 2025 569 2091 foederum
586 2027 685 2105 testis,
704 2028 761 2092 sed
779 2027 922 2093 Rhodios
939 2027 1113 2093 habituros.
1157 2030 1243 2096 itane
1261 2041 1364 2099 tan-6

255 2155 260 2160 ·
321 2121 399 2185 dem?
417 2119 482 2207 [ni]
500 2125 528 2186 is
544 2133 694 2207 pareatur
711 2123 932 2206 exercitusque
950 2123 990 2187 de
1006 2123 1200 2189 Macedonia
1219 2125 1333 2210 depor-

263 2229 294 2362 ἰ
321 2225 422 2294 tentur,
441 2216 565 2281 visuros
583 2239 663 2294 esse,
682 2217 760 2301 quid
777 2217 839 2282 sibi
856 2217 1038 2283 faciendum
1056 2218 1116 2283 sit?
1134 2219 1213 2302 quid
1225 2220 1332 2285 Rhodi

279 2373 288 2378 .
320 2310 406 2374 visuri
423 2312 497 2388 sint,
514 2311 601 2397 ipsos
619 2312 710 2377 scire.
736 2314 889 2398 populum
908 2323 993 2378 certe
1006 2312 1188 2377 Romanum
1206 2314 1331 2379 devicto
1351 2335 1364 2380 7

262 2365 281 2511 ἔ
321 2402 441 2482 Perseo,
465 2406 552 2490 quod
568 2428 668 2492 prope
686 2407 770 2471 diem
789 2417 916 2492 sperent
932 2405 1016 2483 fore,
1039 2407 1197 2484 visurum,
1219 2419 1256 2472 ut
1272 2430 1330 2494 pro

255 2523 280 2576 ξ
319 2500 426 2565 neritis
445 2501 598 2583 cuiusque
615 2499 650 2565 in
667 2523 705 2566 eo
723 2500 807 2566 bello
825 2500 960 2565 civitatis
977 2500 1115 2584 gratiam
1133 2500 1264 2587 dignam
1282 2524 1332 2568 re·

255 2623 271 2664 ··.
318 2593 397 2661 ferat
441 2619 558 2661 munus
584 2607 690 2661 tamen
716 2596 829 2682 legatis
855 2596 889 2659 in
912 2595 1053 2681 singulos
1075 2594 1187 2659 binlim
1208 2595 1363 2665 miliumo

255 2753 265 2775 -.
321 2691 388 2755 aeris
405 2692 539 2756 missum
556 2702 613 2767 eet,
632 2691 719 2775 quod
735 2691 758 2755 ii
775 2713 839 2754 non
858 2701 1057 2775 acceperunt.

255 2813 263 2828 2
370 2785 467 2851 XVI.
491 2785 633 2850 Litterae
647 2785 761 2851 deinde
774 2784 924 2850 recitatae
934 2783 975 2867 Q.
985 2784 1090 2849 Marci
1099 2784 1237 2850 consulis
1246 2796 1330 2863 sunt,
1350 2804 1363 2851 1

255 2889 265 2982 Ξ
315 2880 576 2961 quemadmodum
594 2880 676 2943 saltu
694 2891 843 2965 superato
860 2879 894 2943 in
908 2879 1134 2945 Macedoniam
1152 2881 1329 2946 transisset:

255 3021 268 3068 ᾗ·
314 2973 354 3037 ibi
378 2988 409 3040 et
435 2997 475 3039 ex
501 2975 570 3039 aliis
595 2974 674 3039 locis
701 2985 897 3039 commeatus
922 2986 1106 3059 prospectos
1132 2975 1166 3038 in
1192 2975 1363 3043 hiemema

255 3115 263 3146 .·.
313 3065 423 3134 habere
442 3081 474 3135 et
491 3069 533 3133 ab
546 3068 687 3154 Epirotis
705 3069 818 3155 viginti
834 3070 922 3133 milia
938 3069 1080 3134 modium
1097 3069 1201 3147 tritici,
1220 3069 1330 3135 decem

312 3159 416 3228 hordei
442 3163 630 3248 sumpsisse,
657 3172 694 3227 ut
718 3185 777 3250 pro
801 3185 839 3228 eo
865 3163 1023 3228 frumento
1050 3164 1186 3247 pecunia
1207 3163 1330 3228 Romae

311 3257 418 3344 legatis
436 3281 548 3324 eorum
565 3270 738 3324 curaretur.
782 3259 971 3323 vestimenta
992 3258 1145 3322 militibus
1168 3258 1210 3322 ab
1226 3258 1330 3323 Roma
1348 3277 1364 3324 3

310 3353 460 3418 mittenda
478 3376 557 3419 esse.
602 3355 692 3438 equis
710 3353 855 3418 ducentis
873 3353 973 3417 ferme
991 3373 1071 3438 opus
1089 3375 1174 3429 esse,
1192 3352 1329 3416 maxime

310 3446 463 3526 Numidis,
481 3470 541 3513 nee
559 3448 620 3513 sibi
637 3448 670 3512 in
687 3448 736 3512 his
753 3448 830 3513 locis
846 3448 943 3512 ullam
956 3448 1081 3533 copiam
1095 3469 1174 3511 esse.
1202 3458 1330 3512 senatus
1347 3467 1364 3512 4

309 3544 486 3607 consultum
503 3554 540 3608 ut
557 3566 595 3607 ea
612 3544 718 3608 omnia
736 3567 776 3608 ex
793 3543 905 3607 litteris
925 3542 1062 3606 consulis
1079 3541 1192 3607 fierent
1208 3542 1329 3606 factum

308 3647 362 3700 est
390 3633 429 3702 G.
440 3634 603 3723 Sulpicius
616 3649 742 3723 praetor
757 3661 813 3703 sex
827 3638 915 3701 milia
928 3648 1085 3722 togarum,
1103 3636 1233 3722 triginta
1247 3636 1330 3700 tuni·

307 3751 424 3809 aarum,
444 3753 482 3796 oo
500 3753 599 3816 equos
616 3734 774 3818 portanda
790 3733 824 3796 in
841 3732 1067 3796 Macedoniam
1083 3731 1329 3817 praebendaque

306 3825 457 3891 arbitratu
476 3827 615 3891 consulis
632 3826 749 3892 locavit
763 3837 795 3892 et
811 3827 924 3912 legatis
939 3826 1145 3912 Epirotarum
1160 3826 1329 3911 pecuniam

304 3942 362 4006 pro
378 3921 540 3987 frumento
558 3921 652 3986 solvit
669 3932 701 3987 et
719 3919 912 3987 Onesimum
928 3920 1086 4005 Pythonis
1103 3920 1220 3996 fihum,
1237 3920 1328 3983 nobi-

302 4011 366 4079 lem
382 4014 607 4093 Macedonem,
624 4016 658 4079 in
676 4027 821 4080 senatum
837 4014 1021 4080 introduxit
1053 4015 1080 4079 is
1098 4015 1186 4100 pacis
1204 4035 1328 4098 semper
1345 4031 1361 4079 t

301 4122 415 4174 auctor
430 4109 502 4196 regi
518 4110 632 4188 hietat,
650 4122 895 4195 monueratque,
913 4111 995 4176 sicut
1011 4121 1102 4198 pater
1118 4110 1186 4174 eius
1203 4108 1327 4193 Philip·

301 4225 362 4289 pus
388 4203 571 4269 institutum
595 4227 698 4289 usque
726 4206 768 4270 ad
793 4206 941 4271 ultimum
963 4206 1047 4270 vitae
1071 4204 1155 4268 diem
1181 4202 1328 4267 servabat

300 4297 419 4363 cotidie
441 4299 491 4363 bis
512 4298 547 4363 in
568 4300 619 4365 die
641 4300 777 4366 foederis
798 4301 854 4366 icti
872 4323 945 4366 eum
961 4297 1115 4366 Romanis
1132 4297 1327 4384 perlegendi,
