3359 5092
1392 463 1397 520 l

347 520 410 588 128
535 533 654 590 amna
670 532 861 602 xxxma,
880 533 923 588 aa.
938 532 981 586 aa
1001 531 1189 600 [anasse]

315 715 328 763 1
411 690 549 757 XXIII.
576 690 668 755 Dum
685 691 765 755 haec
782 689 816 754 in
834 689 930 754 Italia
946 700 1116 774 geruntur,
1134 688 1276 754 Perseus
1293 689 1364 774 quod

347 788 413 852 iam
430 786 615 852 incohatum
632 786 795 871 perlicere,
813 785 890 868 quia
907 784 1041 869 inpensa
1057 783 1217 869 pecuniae
1234 783 1364 850 facienda

348 892 429 959 erat,
453 902 518 945 non
539 880 711 945 inducebat
734 880 768 943 in
786 880 943 954 animum,
966 889 1003 942 ut
1022 875 1180 944 Gentium
1198 879 1363 964 Illyriorum

315 997 457 1062 aregem
480 974 541 1039 sibi
568 974 771 1060 adiungeret,
798 973 875 1050 hoc,
903 984 1074 1058 postquam
1098 972 1238 1038 intrasse
1265 973 1363 1038 saltun
1394 978 1396 998 ²

347 1070 510 1136 Romanos
525 1081 558 1134 et
571 1070 682 1134 adesse
697 1068 866 1134 discrimen
891 1067 1039 1132 ultimum
1057 1067 1133 1132 belli
1146 1068 1362 1145 animadvertit,
1391 1085 1393 1092 '

346 1186 412 1230 non
428 1166 512 1229 ultra
530 1163 743 1228 differendum
761 1175 860 1240 ratus,
879 1185 954 1228 cum
964 1159 1051 1249 [per]
1062 1162 1221 1249 Hippiam
1238 1163 1362 1249 legatun
1392 1169 1397 1205 ἵ

347 1270 488 1326 trecenta
507 1258 632 1344 argenti
650 1259 770 1324 talenta
787 1268 901 1343 pactus
920 1269 1013 1333 esset,
1031 1256 1077 1322 ita
1094 1268 1130 1321 ut
1148 1258 1279 1324 obsides
1296 1260 1361 1323 ultro

347 1355 490 1439 citroque
509 1354 670 1430 darentur,
687 1352 914 1418 Pantauchum
931 1352 1018 1417 misit
1035 1375 1075 1417 ex
1092 1352 1258 1417 fidissimis
1272 1353 1361 1417 amicit
1388 1357 1397 1397 l

313 1469 328 1517 3
347 1450 388 1513 ad
406 1473 445 1515 ea
461 1447 664 1535 perficienda.
691 1448 845 1514 Meteone
853 1446 1041 1513 Labeatidis
1059 1459 1162 1513 terrae
1169 1447 1360 1513 Pantauchus

346 1543 416 1629 regi
440 1543 551 1627 Illyrio
578 1542 730 1619 occurrit3
764 1542 810 1607 ibi
837 1553 870 1608 et
900 1542 950 1607 ius
976 1540 1149 1606 iurandum
1176 1542 1220 1606 ab
1247 1550 1361 1629 regest

348 1638 475 1704 obsides
494 1638 626 1723 accepit.
673 1637 789 1702 missus
809 1647 878 1703 eta
896 1635 1016 1703 Gentio
1036 1647 1085 1702 est
1104 1636 1235 1722 legatus
1252 1637 1359 1702 nomint
1390 1646 1397 1656 '

349 1732 512 1819 Olympio,
531 1733 587 1816 qui
604 1733 654 1797 ius
667 1732 838 1798 iurandum
854 1731 1004 1797 aPerseo
1019 1731 1214 1815 obsidesque
1229 1732 1358 1819 exigeret
1385 1742 1393 1819 ἑ

312 1846 421 1892 tcum
447 1826 560 1892 eodem
592 1826 633 1890 ad
663 1827 833 1912 pecuniam
860 1824 1079 1912 accipiendam
1109 1826 1201 1891 missi
1229 1838 1314 1901 sunt3
1338 1833 1357 1890 ct
1385 1834 1397 1875 ³

347 1931 475 1987 auctore
495 1920 700 1998 Pantaucho,
723 1921 779 2005 qui
802 1920 956 1985 Rhodum
976 1919 1075 2006 legati
1098 1942 1172 1985 cum
1190 1917 1357 1987 Macedoni·
1382 1928 1391 1954 ἢ

314 2035 328 2081 5
347 2015 408 2080 bus
429 2015 526 2090 irent,
548 2015 720 2080 Parmenio
739 2026 771 2080 et
787 2014 922 2079 Morcus
945 2014 1154 2080 destinantur.
1201 2016 1314 2100 quibus
1327 2014 1357 2078 itt
1378 2024 1397 2065 Ιἰ

345 2109 547 2185 mandatum,
570 2120 607 2173 ut
628 2109 697 2174 iure
715 2109 850 2175 iurando
868 2109 1098 2194 obsidibusque
1116 2126 1149 2175 et
1171 2111 1307 2195 pecunia
1321 2129 1355 2173 ao·

347 2215 454 2290 cepta,
481 2215 550 2268 tum
577 2204 707 2269 demum
732 2204 885 2270 Rhodum
916 2204 1208 2290 proficiscerentur:
1243 2205 1397 2270 ducunt

346 2299 440 2363 simul
462 2321 575 2385 regum
597 2299 725 2363 nomine
747 2299 873 2364 incitari
891 2299 1035 2365 Rhodios
1054 2299 1095 2364 ad
1119 2299 1242 2364 bellum
1260 2301 1355 2365 Rom·

313 2414 327 2461 6
345 2416 424 2457 num
441 2414 546 2478 posse.
573 2392 756 2457 adiunctam
769 2394 940 2470 civitatem,
959 2416 1057 2480 penes
1075 2415 1173 2477 quam
1193 2418 1290 2460 unam
1305 2405 1355 2458 tun
1378 2399 1384 2438 ³

345 2488 392 2552 rei
409 2488 531 2553 navalis
549 2486 652 2572 gloria
669 2498 767 2564 esset,
785 2510 845 2552 nec
862 2499 948 2552 terra
964 2510 1024 2552 nec
1041 2488 1122 2551 mari
1140 2485 1234 2573 spem
1252 2488 1355 2554 relictu-
1385 2515 1391 2577 j

313 2603 414 2649 tram
443 2581 608 2647 Romanis.
661 2581 862 2647 venientibus
888 2582 1007 2666 Illyriis
1032 2581 1174 2648 Perseus
1207 2585 1249 2647 ab
1274 2582 1354 2668 Erpa
1379 2588 1396 2634 ἒ-

346 2675 432 2742 amni
454 2699 495 2740 ex
517 2675 628 2741 eastris
651 2698 724 2740 cum
744 2676 837 2740 omni
859 2677 1002 2759 equitatu
1024 2676 1189 2761 profectus
1213 2678 1255 2743 ad
1276 2675 1355 2742 Diun
1379 2687 1397 2725 ὲ·

312 2769 492 2838 soccurrit.
535 2770 581 2834 ibi
608 2793 646 2835 ea
671 2792 755 2853 quae
783 2781 999 2835 convenerant
1025 2770 1224 2837 circumfuso
1251 2771 1354 2858 agmina
1382 2783 1397 2826 ’ἑ

346 2864 488 2947 equitum
511 2862 611 2940 facta,
634 2885 714 2947 quos
732 2863 844 2930 adesse
866 2864 988 2930 foederi
1005 2865 1147 2930 sancitae
1165 2888 1242 2932 cum
1260 2861 1355 2933 Genu
1385 2880 1396 2918 ’.-

347 2957 506 3023 societatis
524 2957 653 3022 volebat
669 2982 736 3034 rex,
756 2958 954 3042 aliquantum
972 2982 1045 3023 eam
1062 2982 1130 3024 rem
1148 2972 1241 3026 ratus
1257 2961 1355 3026 animo·
1378 2970 1397 3015 t·

313 3070 327 3117 9
345 3053 462 3116 rumis
480 3044 685 3117 adiectuiam.
714 3063 746 3118 et
764 3053 891 3118 obsides
909 3053 943 3118 in
961 3065 1133 3139 conspectu
1149 3056 1293 3120 omnium
1307 3047 1354 3118 (bd
1376 3035 1397 3112 ἶ

345 3147 545 3234 acceptique:
573 3159 605 3213 et
625 3147 752 3216 Pellam
778 3148 820 3212 ad
846 3148 1034 3213 thensauros
1060 3148 1167 3233 regios
1194 3150 1298 3215 missis
1315 3141 1352 3230 qui
1381 3164 1397 3204 a

344 3243 513 3328 pecuniam
531 3242 721 3327 acciperent,
739 3242 795 3326 qui
808 3241 961 3308 Rhodum
978 3243 1061 3309 irem
1078 3265 1153 3307 cum
1166 3244 1274 3330 Illyris
1288 3244 1353 3327 lage
1377 3255 1396 3299 ἰ-

296 3355 328 3402 10
346 3338 386 3402 tis
404 3336 649 3402 Thessalonicae
668 3337 880 3402 conscendere
898 3336 986 3402 iussi.
1012 3336 1058 3400 ibi
1071 3337 1280 3404 Metrodorus
1295 3343 1351 3406 ml

346 3430 401 3513 qui
422 3453 525 3516 nuper
547 3431 588 3495 ab
610 3431 726 3496 Rhodo
748 3441 894 3508 venerat,
921 3432 1171 3516 auctoribusque
1194 3433 1350 3499 Dinonad

344 3524 533 3609 Polyarato,
550 3524 747 3612 principibus
765 3525 901 3592 civitatis
920 3526 1005 3604 eius,
1024 3526 1219 3593 adfirmabat
1235 3523 1349 3594 Rhodio!
1374 3537 1396 3574 ῑ-

345 3630 474 3704 paratos
492 3619 533 3683 ad
551 3619 670 3684 bellum
688 3642 768 3685 esse.
808 3619 1001 3706 isprinceps
1019 3619 1148 3686 iunctae
1167 3643 1243 3688 cum
1260 3611 1348 3704 Illyrii
1376 3651 1397 3674 ι

344 3712 512 3798 legationis
531 3714 623 3779 datus
642 3725 700 3781 est.
1374 3737 1397 3766 ⁵

313 3827 326 3872 1
408 3807 564 3873 XXIIII.
590 3809 717 3875 Eodem
730 3820 874 3894 tempore
888 3819 920 3874 et
934 3808 976 3874 ad
985 3807 1156 3875 Eumenen
1165 3821 1198 3875 et
1211 3801 1347 3875 adAntio·
1372 3823 1397 3862 -Ξ

344 3902 441 3967 chum
458 3904 640 3968 communia
656 3903 821 3979 mandata,
840 3925 923 3987 quae
941 3903 1086 3968 subicere
1104 3904 1252 3970 condicio
1268 3914 1345 3968 rem!
1376 3918 1397 3956 ἵ

313 4017 328 4063 2
346 4009 485 4083 poterat:
503 4007 619 4062 natura
635 3997 764 4063 inimica
780 3997 864 4062 inter
881 4020 916 4062 se
933 4020 1004 4062 esse
1021 3997 1156 4063 liberam
1169 3997 1346 4064 civitatens
1372 4013 1395 4052 ἰ

343 4114 463 4177 regem.
507 4091 649 4177 singulos
671 4092 825 4177 populum
847 4091 1030 4157 Romanum
1053 4092 1188 4178 adgredi
1216 4077 1346 4174 et,t111⁰d
1375 4084 1397 4151 ’Ξ

344 4185 506 4270 indignius
533 4185 588 4263 sit,
615 4208 728 4271 regum
754 4186 875 4250 viribus
901 4209 994 4272 reges
1022 4209 1220 4273 oppugnare.
1262 4177 1346 4250 Arato
1376 4199 1397 4248 23

312 4298 327 4346 3
347 4278 490 4344 adiutore
507 4292 632 4366 patrem
650 4303 744 4345 suum
762 4303 950 4366 oppressum
956 4305 966 4358 3
988 4281 1135 4347 Eumene
1153 4281 1347 4347 adiuvantes
1378 4279 1385 4336 ⁵.-
