3359 5092
472 551 589 606 urana
605 550 760 624 xxxxv,
778 552 821 607 as.
842 555 880 620 [a.
891 551 995 622 (1111]
1182 541 1243 609 171

285 709 416 774 »lissima
433 707 613 794 accepimus
632 732 652 773 a
669 708 770 774 vobis.
815 710 852 785 si,
871 731 953 794 quae
970 721 1077 776 vestra
1092 733 1179 778 nunc
1197 723 1244 779 est

285 828 347 869 una
374 804 467 869 deum
500 803 696 889 benignitate
722 813 755 869 et
780 804 898 869 virtute
923 818 1043 883 vestra,
1069 828 1109 872 ea
1131 806 1245 872 Persei

285 909 345 976 set,
369 909 402 963 et
423 898 565 983 praemia
587 899 721 984 petitum
740 898 781 962 ad
803 899 956 963 victorem
977 922 1087 986 regem
1104 901 1245 966 venisse·
1349 925 1354 934 ·

285 991 584 1069 tinMacedoniam
602 993 680 1076 quid
697 993 825 1058 tandem
845 992 1040 1058 diceremus?
1066 995 1243 1079 pecuniane
1262 1016 1277 1064 2

285 1086 356 1151 obis
384 1086 529 1150 adiutum
555 1109 597 1149 an
622 1086 801 1150 frumento?
831 1087 956 1151 auxiliis
980 1089 1179 1154 terrestribus
1203 1112 1245 1154 an

285 1180 406 1244 alibus?
433 1179 520 1263 quod
537 1179 733 1264 praesidium
749 1179 889 1246 tenuisse
906 1181 985 1245 nos?
1009 1181 1066 1246 ubi
1084 1205 1244 1269 pugnasse

291 1274 352 1337 sub
370 1273 455 1337 illius
475 1273 610 1338 ducibus
630 1271 713 1359 [aut]
732 1295 791 1359 per
806 1294 865 1339 uos
886 1274 992 1359 ipsos?
1019 1274 1047 1340 si
1069 1286 1244 1360 quaereret,
1263 1296 1279 1345 a

299 1368 392 1431 miles
418 1378 541 1444 noster,
567 1367 624 1431 ubi
645 1369 737 1432 navis
758 1367 841 1433 intra
862 1369 1022 1453 praesidia
1042 1392 1102 1434 sua
1122 1370 1245 1447 fuisset,

285 1462 297 1524 l
323 1462 607 1546 responderemus?
642 1483 771 1526 causam
797 1462 933 1527 fortasse
964 1463 1141 1529 diceremus
1167 1475 1247 1550 aput

285 1578 383 1631 orem,
402 1577 497 1639 quem
515 1556 556 1620 ad
574 1555 705 1619 modum
722 1567 800 1640 aput
816 1577 874 1621 vos
892 1556 1037 1621 dicimus.
1081 1558 1143 1623 hoc
1160 1558 1280 1629 enims

285 1661 341 1714 rtos
364 1660 501 1732 utroque
521 1648 588 1735 [de]
608 1671 688 1734 pace
705 1649 860 1715 mittendo
878 1651 1041 1717 consecuti
1063 1675 1187 1730 sumus,
1209 1663 1247 1718 ut

285 1755 392 1808 neutm
408 1755 499 1829 parte
517 1744 653 1829 gratiam
665 1744 828 1820 iniremus,
847 1744 888 1809 ab
903 1746 1002 1810 altera
1017 1746 1113 1811 etiam
1127 1747 1246 1812 crimen

285 1838 446 1903 reticulum
464 1849 556 1903 esset.
584 1859 778 1922 quamquam
795 1838 934 1904 Perseus
952 1861 1027 1906 vere
1045 1839 1194 1918 obiceret,
1211 1841 1246 1905 id
1263 1859 1278 1909 5

285 1932 304 1995 d
328 1954 385 1996 vos
403 1955 468 1996 non
489 1933 635 2018 potestis,
661 1944 767 2018 patres
796 1933 978 2020 conscripti,
1004 1956 1063 2000 nos
1089 1936 1244 2022 principio

285 2027 293 2089 i
312 2027 436 2092 misisse
450 2026 492 2091 ad
509 2048 565 2091 vos
583 2028 716 2112 legatos,
734 2028 791 2111 qui
803 2028 1028 2112 pollicerentur
1041 2029 1143 2106 vobis,
1161 2051 1244 2113 quae

285 2121 400 2185 bellum
418 2143 497 2207 opus
516 2132 631 2198 essent,
649 2121 795 2199 navibus,
813 2123 925 2199 armis,
943 2123 1107 2190 iuventute
1125 2134 1244 2202 nostra,

285 2228 301 2280 .t
317 2215 476 2300 prioribus
499 2215 604 2293 bellis,
631 2217 673 2280 ad
694 2217 801 2281 omnia
822 2228 951 2302 paratos
968 2217 1047 2284 fore.
1090 2240 1132 2283 ne
1152 2241 1245 2304 prae·
1263 2237 1278 2285 6

285 2333 390 2387 emus,
417 2333 474 2395 per
495 2332 552 2375 vos
575 2310 675 2387 stetit,
703 2312 759 2394 qui
777 2311 816 2376 de
834 2331 1036 2395 quacumque
1058 2323 1246 2377 causatum

285 2405 381 2469 ernati
397 2416 506 2469 nostra
523 2405 641 2469 auxilia
654 2405 740 2469 estis.
767 2426 871 2489 neque
888 2404 1023 2470 fecimus
1041 2405 1139 2492 igitur
1156 2406 1245 2489 quio·

285 2522 316 2562 m
330 2496 524 2584 tam[quam]
540 2499 656 2576 hostes,
675 2520 780 2582 neque
797 2499 954 2564 bonorum
967 2500 1126 2565 sociorum
1143 2499 1245 2565 defui-

285 2617 291 2657 1
307 2593 431 2669 officio,
459 2593 515 2657 sed
533 2616 552 2657 a
569 2593 660 2657 vobis
682 2592 834 2679 prohibiti
850 2604 1012 2679 praestare
1029 2594 1244 2679 nequivimus.

285 2688 322 2752 id
339 2687 456 2773 igitur?
477 2686 596 2752 nihilne
614 2687 735 2752 factum
748 2708 853 2771 neque
867 2688 987 2753 dictum
1004 2699 1052 2754 est
1068 2688 1103 2753 in
1117 2688 1244 2754 civitate
1263 2709 1277 2755 s

285 2806 339 2859 ra,
362 2782 494 2859 Rhodii,
521 2783 608 2866 quod
633 2782 774 2861 nolletis,
801 2803 866 2866 quo
892 2783 1004 2849 merito
1030 2783 1245 2850 offenderetur

285 2876 357 2941 ulus
366 2876 576 2941 Romanus?''
593 2876 646 2941 hio
661 2878 726 2942 iam
741 2898 807 2941 non
825 2877 913 2962 quod
929 2877 1050 2943 factum
1069 2889 1117 2944 est
1135 2878 1245 2943 defen-

285 2995 314 3035 1s
333 2968 434 3059 [sum]
453 3008 497 3017 —
513 2993 578 3035 non
596 2971 676 3036 adeo
693 2970 817 3036 insanio
834 3007 893 3050 -,
916 2971 973 3037 sed
989 2971 1152 3057 publicam
1169 2994 1245 3037 cau·

285 3091 291 3129 ι
308 3090 327 3131 a
349 3067 547 3152 privatorum
565 3068 660 3153 culpa
676 3077 913 3153 segregaturus.
956 3067 1045 3131 nulla
1064 3064 1177 3151 [enim]
1197 3077 1245 3131 est
1262 3083 1278 3130 8

285 3175 347 3239 tas,
365 3182 448 3244 quae
465 3183 530 3225 non
547 3173 578 3227 et
595 3161 756 3247 improbos
774 3162 860 3227 cives
878 3160 1049 3245 aliquando
1068 3171 1100 3225 et
1115 3160 1244 3244 imperi-

285 3308 288 3318 ,
303 3255 539 3320 multitudinem
557 3278 682 3342 semper
699 3255 825 3321 habeat.
861 3256 957 3321 etiam
974 3265 1053 3339 aput
1069 3275 1127 3319 vos
1144 3252 1243 3320 fuisse
1263 3268 1277 3315 9

285 3349 328 3413 ivi
345 3349 402 3433 qui
419 3349 614 3415 adsentando
631 3349 826 3414 multitudini
842 3359 1073 3435 grassarentur,
1091 3359 1123 3413 et
1141 3370 1244 3416 seces-

285 3466 300 3509 e
322 3444 493 3527 aliquando
517 3468 537 3509 a
559 3444 650 3512 vobis
674 3445 803 3530 plebem
824 3466 885 3510 nec
906 3443 940 3508 in
960 3453 1117 3529 potestate
1139 3454 1245 3510 vestra

285 3537 471 3625 rpublicam
493 3539 602 3605 fuisse.
647 3539 674 3604 si
698 3539 760 3605 hoc
782 3539 815 3603 in
835 3539 897 3605 hac
923 3549 989 3603 tarn
1014 3538 1096 3605 bens
1121 3550 1245 3605 morata
1263 3552 1295 3601 10

285 3643 350 3699 tate
371 3632 515 3698 accidere
537 3634 656 3720 potuit,
682 3633 790 3698 mirari
807 3633 977 3717 quisquam
993 3643 1098 3719 potest
1120 3634 1244 3718 aliquos

285 3750 320 3793 se
338 3738 501 3813 sputum,
519 3729 574 3812 qui
591 3729 676 3814 regis
693 3728 866 3793 amicitiam
882 3738 1026 3813 petentes
1043 3729 1171 3814 plebem
1186 3751 1245 3794 no-

285 3847 319 3887 m
337 3822 475 3887 consiliis
493 3823 721 3909 depravarent?
746 3823 803 3908 qui
819 3834 926 3889 tamen
943 3822 1022 3888 nihil
1039 3824 1122 3889 ultra
1136 3825 1245 3889 value-

285 3930 295 3983 t
317 3939 416 4002 quam
436 3928 474 3982 ut
494 3917 528 3981 in
550 3918 656 3983 officio
679 3939 885 3983 cessaremus.
928 3938 994 3983 non
1014 3918 1193 4005 praeteribo
1210 3917 1245 3983 id
1263 3926 1294 3974 11

285 4013 307 4079 d
330 4011 554 4100 gravissimum
576 4012 679 4078 estin
700 4012 761 4078 hoc
783 4012 869 4096 bollo
890 4013 1009 4079 crimen
1031 4011 1166 4078 civitatis
1187 4033 1245 4076 no-

284 4130 321 4174 e:
345 4108 469 4193 legatos
487 4108 598 4174 eodem
616 4120 758 4193 tempore
776 4117 808 4173 et
825 4107 866 4173 ad
883 4130 941 4173 vos
958 4118 991 4174 et
1008 4106 1050 4172 ad
1067 4105 1187 4171 Persea
1204 4104 1245 4170 ds

285 4227 299 4270 e
317 4203 463 4267 misimus
468 4226 478 4279 3
496 4203 583 4286 quod
599 4202 711 4267 infelix
728 4201 896 4268 consilium
914 4202 1063 4277 furiosus,
1081 4210 1118 4264 ut
1133 4208 1245 4284 postea

285 4296 420 4376 ivimus,
440 4308 546 4364 orator
568 4296 788 4363 stultissimum
809 4297 900 4377 fecit,
927 4317 1023 4382 quem
1040 4294 1087 4362 sic
1103 4294 1245 4362 locutum
1263 4306 1295 4356 12
