3359 5092
340 529 385 602 30
565 541 1146 614 muuxxxxnaeunstsl]

308 701 439 772 obibus
459 702 658 770 lucustarum
679 712 865 788 coopertum
887 723 972 778 esse,
997 701 1032 766 in
1055 699 1184 768 Gallico
1207 723 1289 788 agro
1312 723 1365 788 qus

340 792 546 864 induceretur
561 807 704 862 aratrum
721 797 782 861 sub
800 796 1009 862 existentibus
1027 796 1130 882 glebis
1147 795 1259 883 pisces
1274 819 1364 863 emer

307 891 431 962 tsisse.
475 890 518 958 ob
534 889 616 957 haec
636 891 784 977 prodigia
805 890 879 955 libri
896 890 1010 956 fatales
1032 890 1168 977 inspecti
1186 890 1362 977 editumque

341 986 384 1050 ab
402 985 588 1052 decemviris
606 998 665 1064 est,
684 996 716 1052 et
732 984 850 1069 quibus
868 985 928 1050 diis
947 984 1129 1069 quibusque
1146 984 1261 1051 hostiis
1278 983 1362 1051 sacri·

309 1101 322 1148 ι
340 1080 490 1148 licaretur
506 1092 540 1148 et
560 1092 598 1147 ut
619 1080 811 1167 supplicatio
831 1080 986 1166 prodigiis
1009 1079 1178 1167 expiandis
1200 1080 1292 1147 fieret
1309 1075 1359 1168 [et]

340 1177 457 1254 altera,
483 1198 566 1261 quae
588 1176 694 1262 priore
717 1197 802 1241 anno
823 1175 1016 1241 valetudinis
1041 1174 1154 1261 populi
1176 1198 1277 1241 cause
1299 1185 1359 1241 voa

305 1303 309 1310 ·
341 1284 434 1349 esset,
453 1271 557 1338 cauti
575 1268 696 1357 [fieret]
710 1271 873 1355 feriaeque
891 1281 1007 1336 essent
1033 1270 1145 1355 itaque
1160 1271 1358 1338 sanffioetm
1397 1275 1401 1284 “

340 1379 403 1443 est,
424 1377 463 1432 ut
484 1366 656 1432 decemviri
673 1366 827 1452 scriptum
845 1365 1023 1432 ediderunt.

308 1479 321 1524 1
382 1461 448 1526 HL
474 1459 600 1526 Eodem
618 1482 702 1525 anno
720 1460 808 1526 aedis
826 1459 961 1525 Iunonis
979 1459 1134 1526 Laenas
1155 1459 1291 1526 mana
1324 1457 1355 1540 Q,

340 1555 476 1620 Fulvius
492 1554 631 1620 Flaccus
648 1576 763 1621 censor
779 1555 893 1621 aedem
906 1554 1069 1620 Fortunae
1088 1554 1258 1639 equestris,
1275 1575 1355 1640 quan
1393 1613 1399 1619 .

340 1650 375 1713 in
396 1649 557 1735 Hispania
577 1664 708 1735 praetor
732 1649 817 1715 bello
841 1646 1034 1715 Celtiberico
1060 1660 1208 1727 voverat,
1236 1649 1356 1715 facieba

342 1743 436 1808 enixo
458 1741 580 1822 studio,
606 1766 648 1809 ne
669 1744 772 1810 ullum
790 1745 914 1810 Romae
936 1743 1073 1831 amplius
1091 1754 1149 1809 aut
1165 1743 1356 1831 magnificer-
1392 1745 1403 1806 ἒ

308 1855 323 1901 2
341 1839 405 1904 tius
428 1839 584 1924 templum
605 1852 699 1905 esset.
742 1861 898 1925 magnum
921 1850 1068 1905 ornatum
1086 1839 1117 1905 ei
1139 1840 1263 1924 templo
1285 1847 1357 1903 ratus
1392 1865 1394 1874 ·

341 1933 553 2010 adiecturum,
577 1934 604 1999 si
630 1934 758 2019 tegulae
785 1956 982 2000 marmoreae
1005 1944 1124 2012 essent,
1151 1931 1359 2020 profecturis
1398 1977 1402 1982 ·

340 2028 473 2093 Brittios
490 2029 604 2094 eedem
617 2028 750 2094 Iunonis
764 2028 919 2095 Laciniae
936 2029 978 2095 ad
996 2040 1120 2115 partem
1134 2028 1302 2094 dimidiam
1317 2027 1361 2093 de·

341 2121 434 2208 tegit,
451 2123 485 2188 id
503 2123 581 2190 satis
598 2123 667 2189 iore
684 2134 775 2189 ratus
789 2123 832 2189 ad
850 2124 1025 2210 tegendum
1039 2122 1127 2208 quod
1140 2123 1361 2190 aedificaretur.

307 2233 438 2282 anaves
457 2229 588 2303 paratae
605 2217 750 2294 fuerunt,
773 2239 857 2302 quae
879 2218 1026 2283 tollerent
1043 2231 1139 2301 atque
1163 2227 1363 2303 asportarent,

341 2311 529 2378 auctoritate
547 2313 689 2378 censoria
706 2312 800 2378 sociis
819 2313 977 2378 deterritis
994 2312 1028 2377 id
1046 2311 1251 2398 sacrilegium
1268 2310 1364 2399 probi·

308 2424 324 2470 4
342 2407 428 2472 bere.
454 2419 626 2493 postquam
644 2429 757 2473 censor
773 2408 877 2484 rediit,
896 2408 1024 2494 tegulae
1042 2407 1207 2493 expositae
1227 2407 1269 2475 de
1285 2406 1365 2474 navi-
1401 2455 1402 2476 ι

341 2502 402 2567 bus
423 2502 466 2567 ad
491 2504 646 2589 templum
668 2503 887 2588 portabantur.
937 2523 1133 2587 quamquam
1155 2501 1245 2568 unde
1269 2507 1365 2568 esseut

306 2596 508 2675 sedebatur,
534 2609 730 2664 nontamen
756 2597 853 2663 celari
879 2597 992 2684 potuit.
1045 2596 1192 2663 fremitus
1214 2596 1317 2685 igitur
1339 2597 1367 2664 in

341 2692 429 2758 ouria
438 2702 526 2757 ortm
536 2705 600 2770 est;
619 2715 659 2758 ex
673 2692 821 2757 omnibus
835 2691 981 2778 partibus
993 2692 1227 2778 postulabatur,
1247 2704 1285 2758 ut
1299 2713 1367 2759 con·

341 2787 426 2850 eules
444 2807 517 2849 eam
532 2808 601 2851 rem
619 2788 661 2851 ad
679 2798 826 2853 senatum
842 2787 1007 2853 referrent.
1047 2798 1084 2851 ut
1100 2808 1177 2852 vero
1199 2787 1367 2853 accersitis

341 2879 376 2942 in
389 2879 511 2945 curiam
524 2901 637 2946 censor
650 2882 747 2960 venit,
761 2884 863 2948 multo
875 2882 1022 2948 infestius
1036 2882 1152 2968 singuli
1166 2883 1367 2968 universique
1400 2955 1402 2960 ⁴

308 2993 323 3040 6
342 2985 544 3059 praesentem
574 2976 729 3042 lacerare.
759 2978 915 3063 templum
942 2976 1206 3064 augustissimum
1233 2976 1367 3065 regionis
1401 2991 1402 3040 1

342 3068 420 3147 eius,
439 3070 529 3155 quod
542 3093 608 3137 non
619 3071 778 3158 Pyrrhus,
795 3094 860 3137 non
869 3072 1034 3137 Hannibal
1052 3071 1236 3149 violassent,
1255 3073 1367 3138 violare
1401 3083 1402 3156 ᾗ

341 3187 454 3250 purum
472 3165 691 3245 habuisse,
659 3191 721 3233 ms1
711 3166 910 3233 detexisset
927 3166 1023 3232 foede
1039 3189 1078 3232 ac
1093 3188 1195 3252 prope
1213 3165 1365 3234 dimisset

309 3279 323 3325 t
342 3259 522 3325 detractum
533 3259 661 3327 culmen
677 3261 807 3348 templo,
825 3261 982 3326 nudatum
996 3271 1117 3326 tectum
1134 3271 1247 3345 patere
1264 3259 1367 3327 imbli-

342 3354 403 3419 bus
426 3355 714 3440 putrefaciendum.
746 3356 844 3442 quid?
866 3378 1031 3421 censorem
1052 3356 1196 3421 moribus
1222 3355 1365 3444 regendis

343 3461 496 3525 creatum,
515 3450 567 3514 eui
585 3461 671 3515 sarta
687 3462 772 3517 tecta
789 3451 919 3538 exigere
941 3450 1040 3518 sacris
1057 3450 1198 3537 publicis
1218 3462 1252 3517 et
1268 3453 1364 3518 locare

308 3560 325 3609 8
344 3543 463 3607 tuenda
479 3564 569 3608 more
586 3544 743 3609 maiorum
760 3546 858 3610 tradit
845 3557 914 3610 tum
933 3556 1026 3622 esset,
1045 3567 1120 3611 cum
1136 3567 1196 3631 per
1212 3547 1363 3612 sociorum

342 3637 439 3702 urbes
461 3637 639 3704 diruentem
660 3640 780 3725 templa
801 3640 1040 3724 nudantemque
1066 3650 1151 3706 tecta
1168 3639 1301 3706 aedium
1321 3661 1363 3705 sa·

342 3753 470 3796 crarum
492 3733 603 3818 vagari
620 3744 652 3799 et
670 3733 772 3818 quod,
796 3734 823 3799 si
839 3734 875 3798 in
891 3734 1025 3821 privatis
1043 3733 1203 3800 sociorum
1221 3732 1362 3801 aedificiis

342 3824 477 3904 faceret,
450 3827 671 3914 tindignum
694 3827 796 3894 videri
816 3843 941 3914 posset,
966 3828 1000 3893 id
1022 3829 1119 3894 deum
1143 3828 1362 3895 immortalium

309 3935 323 3984 a
344 3920 566 3988 demolientem
579 3923 696 4002 facere,
715 3938 746 3991 et
759 3924 957 4012 obstringere
971 3925 1124 4010 religione
1141 3925 1362 4011 populumRo·

343 4039 484 4093 manum,
501 4018 600 4083 ruinis
613 4021 806 4105 templorum
823 4020 944 4105 templa
957 4020 1190 4097 aedificantem,
1209 4031 1362 4105 tamquam

342 4131 407 4176 non
423 4112 511 4178 idem
532 4114 655 4198 ubique
672 4114 705 4179 di
722 4114 918 4180 immortales
937 4115 1014 4191 sint,
1033 4114 1091 4179 sed
1108 4113 1219 4200 spoliis
1237 4115 1362 4180 aliorum

295 4215 326 4264 ιο
344 4205 386 4269 ali
412 4207 537 4273 colendi
563 4208 811 4293 exornandique.
860 4230 949 4286 cum,
976 4208 1164 4294 priusquam
1189 4208 1361 4280 referrens

345 4314 527 4385 appareret,
545 4302 624 4387 quid
642 4303 795 4372 sentirent
810 4315 929 4391 patres,
946 4304 1100 4369 relatione
1116 4302 1204 4369 facta
1222 4303 1256 4369 in
1272 4321 1362 4369 unam

228 4407 295 4529 ’ἱ
