3359 5092
412 523 454 590 10
621 533 740 590 LIBER
756 531 901 602 XXXXI,
920 531 962 587 10.
978 531 1021 586 11.
1040 534 1079 600 [ι.
1088 545 1115 585 u.
1125 546 1149 586 a
1159 529 1223 600 5l'l]

379 717 395 765 5
413 707 518 759 castra
525 692 683 770 Romana,
701 690 816 756 deinde
834 686 962 753 obsides
979 689 1150 773 imperatos
1167 686 1335 753 miserunt.
1361 688 1427 755 haee
1469 751 1474 764 ,

413 811 486 852 amn
499 786 622 853 Romae
640 786 768 871 cognita
783 782 898 849 litteris
914 782 1140 869 proconsulum
1154 793 1271 860 essent,
1291 779 1331 849 C.
1344 780 1428 849 Olau-
1467 839 1474 875 ὲ

413 881 485 946 dius
502 882 613 946 consul
630 880 760 957 veritus,
777 900 819 945 ne
835 877 918 962 forte
936 899 974 942 ea
991 900 1042 944 res
1059 875 1259 964 provinciam
1273 873 1338 965 [et]
1353 899 1426 944 exer*

414 976 513 1040 citum
530 975 591 1040 sibi
608 974 778 1052 adimeret,
794 994 861 1039 non
878 972 960 1037 votis
978 970 1181 1059 nuncupatis,
1198 993 1266 1036 non
1283 971 1428 1058 paludatis
1465 1049 1474 1063 ,-

414 1069 594 1148 lictoribus,
617 1090 683 1134 uno
700 1067 844 1133 omnium
862 1067 995 1134 certiore
1012 1066 1099 1132 sacto
1118 1066 1242 1153 collega
1258 1079 1355 1132 nocte
1371 1087 1428 1153 pro
1464 1119 1474 1158 :

415 1164 534 1244 fectus,
559 1186 714 1251 praeceps
744 1164 779 1228 in
804 1163 1004 1249 provinciam
1028 1162 1122 1241 abiit3
1148 1161 1207 1227 ubi
1232 1161 1429 1228 inconsultius
1460 1235 1474 1253 ὅ

380 1281 512 1344 squam
536 1269 728 1325 veneratae
753 1257 863 1343 gessit.
911 1281 987 1322 nam
1013 1278 1087 1322 cum
1113 1256 1262 1323 contione
1289 1257 1429 1323 advoca·
1464 1341 1468 1345 Π

413 1355 525 1440 fugam
539 1377 557 1419 e
571 1353 682 1419 castris
691 1352 734 1417 A.
742 1352 848 1418 Manli
861 1352 1003 1419 adversis
1018 1351 1148 1417 auribus
1161 1350 1312 1428 militum,
1325 1351 1430 1438 quippe

413 1448 470 1533 qui
486 1448 581 1534 primi
603 1447 665 1533 ipsi
682 1446 854 1532 fugissent,
875 1448 1025 1514 iactamt
1042 1442 1105 1533 [et]
1123 1444 1311 1532 ingessisset
1328 1446 1431 1533 probra

414 1543 463 1606 M.
481 1541 586 1618 Iunio,
604 1540 692 1624 quod
708 1564 743 1607 se
761 1541 926 1608 dedecoris
943 1541 1066 1607 socium
1084 1541 1226 1626 collegae
1242 1540 1384 1619 fecisset,
1399 1539 1432 1605 sd

382 1658 395 1702 r
415 1645 592 1699 extremum
604 1645 776 1718 utrumque
789 1635 943 1702 decedere
959 1634 1124 1721 provincia
1139 1634 1241 1699 iussit.
1269 1635 1432 1719 quodcum

414 1729 461 1794 illi
486 1740 555 1794 tum
577 1729 716 1795 consulis
741 1730 874 1816 imperio
902 1730 987 1795 dicto
1014 1728 1179 1794 audientes
1206 1728 1352 1795 fscturos
1377 1723 1433 1816 [se]

415 1845 484 1888 esse
507 1823 661 1901 dicerent,
683 1845 757 1889 cum
777 1824 805 1888 is
823 1846 912 1890 more
928 1823 1101 1901 maiorum,
1123 1822 1303 1889 secundum
1319 1820 1435 1888 votain

416 1914 574 2003 Capitolio
600 1929 799 2004 nuncupata,
829 1918 994 1984 lictoribus
1021 1917 1180 2004 paludatis
1210 1917 1376 2002 profectus
1399 1913 1435 1980 ab

381 2032 397 2079 8
416 2011 495 2078 urbe
513 2023 610 2089 esset,
632 2012 742 2078 fruens
764 2013 813 2078 ira
829 2023 978 2079 vocatum
996 2012 1052 2097 qui
1072 2034 1131 2098 pro
1153 2021 1324 2095 quaestore
1339 2009 1435 2077 Manli

416 2116 484 2171 erat
511 2117 638 2172 catenas
664 2107 824 2193 poposcit,
851 2107 974 2174 vinctos
1000 2130 1035 2173 se
1061 2107 1191 2172 Iunium
1216 2106 1435 2191 Manliumque

382 2219 397 2266 9
415 2199 564 2264 minitans
581 2200 720 2265 Romam
736 2201 918 2267 missurum.
945 2202 988 2266 ab
1004 2223 1042 2267 eo
1060 2223 1188 2286 quoque
1206 2211 1353 2286 spretum
1370 2221 1436 2266 oon·

416 2293 493 2358 aulis
510 2293 679 2380 imperium
697 2306 759 2373 est3
779 2309 811 2362 et
829 2295 1041 2362 circumfusus
1059 2295 1233 2371 exercitus,
1250 2294 1366 2361 favens
1382 2294 1434 2358 im-

415 2399 598 2473 peratorum
624 2411 740 2455 causae
766 2400 799 2456 et
825 2390 949 2456 consuli
974 2390 1124 2467 inlesum,
1156 2389 1290 2455 animos
1309 2390 1351 2455 ad
1377 2409 1436 2454 non

367 2501 398 2548 ro
414 2483 593 2569 parendum
609 2484 758 2550 addebat.
802 2497 963 2571 postremo
981 2485 1134 2572 fatigatus
1152 2484 1264 2550 consul
1282 2496 1316 2551 et
1333 2493 1436 2550 contu·

415 2577 506 2643 melis
524 2579 723 2664 singulorum
741 2591 773 2645 et
796 2579 1009 2645 multitudinis
1025 2615 1070 2625 —
1085 2602 1161 2644 nam
1178 2578 1312 2665 iusuper
1328 2576 1436 2644 inride·
1471 2579 1473 2640 l

416 2671 554 2735 bant—
575 2672 734 2749 ludibriis,
761 2696 844 2740 nave
871 2673 982 2741 eadem
1010 2695 1073 2758 qua
1099 2683 1231 2739 venerat
1257 2671 1473 2757 Aquileiam
1472 2711 1473 2760 ;

368 2782 397 2828 11
415 2763 518 2829 rediit.
569 2765 645 2831 inde
672 2768 814 2853 collegae
840 2770 980 2854 scripsit,
1006 2780 1043 2833 ut
1067 2768 1204 2833 militum
1230 2790 1388 2833 novorum
1410 2763 1435 2831 ei

417 2858 510 2942 parti,
528 2880 610 2943 quae
624 2861 742 2945 scripta
758 2861 958 2928 inHistriam
971 2864 1169 2950 provinciam
1182 2872 1277 2939 esset,
1295 2863 1435 2936 ediceret,

416 2952 600 3036 Aquileiam
617 2965 654 3019 ut
672 2956 864 3034 conveniret,
880 2981 921 3024 ne
939 2957 1018 3042 quid
1035 2981 1069 3023 se
1086 2957 1209 3023 Romae
1226 2966 1363 3035 teneret,
1379 2974 1433 3041 quo

369 3063 399 3111 12
418 3046 523 3113 minus
540 3049 621 3113 votis
644 3052 836 3137 nuncupatis
859 3052 1030 3137 paludatus
1047 3052 1089 3116 ab
1112 3052 1190 3116 urbe
1209 3051 1321 3116 exiret.
1365 3050 1433 3115 haec

418 3165 438 3207 a
454 3143 577 3231 collega
595 3145 807 3229 obsequenter
824 3146 910 3212 facta
924 3147 1093 3231 brevisque
1106 3146 1175 3211 dies
1192 3145 1234 3210 ad
1252 3144 1433 3211 convenien-

416 3238 493 3303 dum
510 3240 614 3305 edicta
635 3251 692 3305 est.
739 3238 895 3306 Claudius
918 3263 1018 3326 prope
1040 3250 1228 3306 consecutus
1252 3251 1302 3306 est
1324 3240 1431 3305 litteras

368 3349 398 3396 13
417 3354 500 3396 suas.
529 3333 674 3400 contione
692 3333 864 3400 adveniens
883 3332 923 3401 de
939 3333 1063 3399 Manlio
1083 3344 1114 3398 et
1130 3334 1223 3399 lunio
1240 3333 1363 3411 habita,
1378 3352 1429 3397 non

417 3425 500 3489 ultra
517 3426 657 3491 triduum
675 3440 816 3494 moratus
833 3428 968 3506 Romae,
985 3428 1146 3514 paludatis
1162 3427 1329 3493 lictoribus
1347 3424 1430 3492 votis·

418 3539 481 3602 que
493 3519 527 3583 in
536 3516 695 3605 Capitolio
708 3524 910 3609 nuncupatis,
928 3521 962 3588 in
978 3522 1175 3609 provinciam
1188 3544 1291 3607 aeque
1304 3544 1343 3587 ac
1355 3518 1427 3607 prius

417 3613 582 3699 praecipiti
599 3611 757 3683 celeritate
775 3617 852 3682 abit.

386 3722 398 3769 1
480 3707 545 3772 XI.
572 3707 691 3775 Paucis
708 3721 782 3777 ante
804 3711 917 3777 diebus
934 3711 1046 3776 Iunius
1063 3710 1270 3794 Manliusque
1289 3710 1425 3797 oppidum

417 3801 618 3880 Nesactium,
642 3825 707 3888 quo
730 3828 765 3872 se
786 3806 946 3892 principes
964 3806 1148 3870 Histrorum
1166 3815 1198 3870 et
1219 3806 1352 3890 regulus
1372 3804 1426 3889 ipst

385 3912 400 3960 2
417 3896 547 3982 Aepulo
563 3910 741 3983 receperat,
759 3922 884 3966 summa
901 3900 934 3965 vi
950 3909 1184 3986 oppugnarent
1228 3919 1267 3963 eo
1287 3896 1427 3964 Claudius

418 3988 543 4056 duabus
565 3991 745 4079 legionibus
770 3995 862 4060 novis
889 3993 1049 4071 adductis,
1076 4005 1182 4060 vetere
1206 3992 1349 4059 exercitu
1369 4007 1429 4057 oum

418 4084 484 4151 suis
502 4084 637 4152 ducibus
655 4087 796 4168 dimisso,
814 4089 883 4175 ipse
901 4087 1053 4173 oppidum
1071 4086 1274 4153 circumsedit
1291 4098 1325 4153 et
1341 4081 1432 4152 vineit

385 4194 604 4268 ooppugnare
629 4180 765 4249 intendit
790 4204 980 4267 cumamque
1005 4182 1281 4269 praeterfluentem
1307 4177 1435 4255 moenio,

420 4272 475 4355 qui
501 4286 533 4340 et
558 4275 775 4363 inpedimento
802 4276 1061 4365 oppugnantibus
1088 4287 1156 4343 erat
1181 4287 1214 4344 et
1239 4275 1436 4363 aquationem
