3359 5092
538 538 656 594 amna
672 537 817 609 xxm,
836 538 880 593 aa.
894 539 937 595 ιι.
958 538 1038 609 [ac.
1048 540 1110 611 ιιι]
1298 528 1340 595 21

303 699 348 765 ab
365 719 446 784 rege
465 697 507 762 ad
524 697 687 763 Romanos
705 696 910 774 revocabant,
928 716 1002 761 oum
1019 697 1161 763 exercitu
1177 697 1341 785 profectus

305 793 369 860 snb
389 793 444 857 ius
469 791 689 876 iudiciumque
712 813 806 855 suum
828 800 928 855 totam
949 792 1055 878 coegit
1079 804 1218 878 gentem.
1266 792 1341 860 inde
1360 815 1375 864 5

308 910 366 974 per
378 883 525 954 Oetaeos
537 897 661 952 montes
679 896 906 970 transgressus,
923 885 1131 972 religionibus
1149 886 1342 970 quibusdam

306 982 417 1048 animo
432 980 580 1058 obiectis,
599 981 743 1045 oraclum
762 979 906 1044 aditurus
919 978 1066 1066 Delphos
1081 981 1232 1046 escendit.
1268 1002 1341 1046 cum

304 1078 340 1144 in
356 1076 470 1143 media
484 1087 617 1163 repento
636 1073 774 1141 Graecia
791 1075 1001 1160 apparuisset,
1018 1098 1173 1161 magnum
1190 1097 1255 1140 non
1271 1075 1343 1139 fini-

303 1172 405 1241 tumis
438 1171 535 1236 modo
561 1170 695 1235 urbibus
722 1181 874 1235 terrorem
906 1169 1067 1254 praebuit,
1093 1181 1143 1236 set
1167 1170 1202 1234 in
1228 1170 1343 1234 Asiam

301 1288 443 1352 quoque
466 1264 509 1329 ad
532 1286 644 1351 regem
666 1263 836 1330 Eumenen
862 1263 990 1329 nuntios
1012 1265 1224 1330 tumultuosos
1247 1263 1342 1328 misit.

304 1360 457 1426 triduum
487 1379 553 1423 non
582 1359 655 1445 plus
685 1357 823 1444 Delphis
853 1368 1010 1435 moratus,
1041 1381 1099 1445 per
1123 1356 1375 1429 Phthiotideme

303 1453 473 1520 Achaiam
481 1452 745 1536 Thessaliamque
763 1452 831 1518 sine
846 1449 964 1517 damno
985 1453 1163 1536 iniuriaque
1182 1474 1342 1538 agrorum,

304 1574 364 1638 per
382 1571 469 1634 quos
484 1548 548 1614 iter
563 1547 650 1627 fecit,
666 1549 701 1614 in
718 1571 855 1634 regnum
872 1548 975 1615 rediit
1011 1571 1072 1614 nec
1090 1572 1199 1615 earum
1217 1559 1343 1614 tantum
1362 1572 1376 1617 a

307 1645 500 1721 civitatium,
518 1665 576 1729 per
592 1664 673 1727 quas
690 1643 793 1708 iturus
810 1653 895 1720 erat,
912 1642 989 1709 satis
1010 1643 1125 1708 habuit
1142 1643 1264 1708 animos
1282 1642 1344 1708 sibi

310 1739 497 1815 conciliare3
524 1748 581 1802 aut
604 1738 729 1823 legatos
756 1748 812 1802 aut
836 1738 959 1804 litteras
985 1737 1120 1815 dimisit,
1145 1748 1275 1825 petens,
1302 1759 1343 1802 ne

284 1827 291 1852 '¹
287 1833 430 1910 diutius
450 1832 666 1909 simultatum,
684 1853 767 1917 quae
786 1854 860 1897 cum
877 1843 968 1919 patre
986 1855 1045 1898 suo
1062 1832 1213 1910 fuissent,
1231 1832 1343 1899 memi-

287 1923 447 1995 ·.ιὶιιειιιι
476 1947 537 1993 nec
562 1926 648 1993 enim
669 1939 736 1992 tam
758 1939 881 1993 atroces
904 1928 1004 1993 fuisse
1027 1950 1097 2006 eas,
1123 1940 1247 1993 utnon
1269 1945 1343 1993 cum

283 2020 378 2110 lipso
394 2020 564 2133 potuerint
584 2043 624 2086 ac
641 2020 809 2089 debuerint
831 2022 930 2099 finiri3
957 2045 1067 2088 secum
1089 2022 1220 2107 quidem
1237 2021 1376 2089 omnias

283 2115 370 2182 *illis
395 2117 528 2202 integra
552 2138 623 2182 esse
650 2114 733 2227 [ad]·
750 2117 978 2183 instituendam
1003 2117 1138 2183 fideliter
1162 2118 1342 2184 amicitiam

283 2221 296 2272 ι·
316 2231 385 2278 cnm
410 2211 622 2277 Achaeorum
647 2211 786 2278 maxime
816 2224 913 2299 gente
882 2213 1192 2278 trecenoiliandae
1222 2212 1344 2299 gratiae

283 2317 297 2358 -'
316 2307 397 2372 viam
415 2305 603 2389 quaerebat.

283 2401 293 2420 ''
375 2399 516 2466 XXIII.
543 2401 637 2466 Haec
657 2423 724 2465 una
750 2423 791 2465 ex
814 2401 901 2465 omni
924 2398 1063 2467 Graecia
1084 2424 1164 2487 gens
1187 2411 1219 2465 et
1240 2399 1376 2466 Athe-1

318 2494 476 2560 mendum
495 2494 608 2560 civitas
631 2515 670 2560 eo
687 2506 886 2580 processerat
902 2493 1037 2572 irarum,
1059 2507 1096 2560 ut
1112 2494 1230 2559 finibus
1247 2494 1345 2557 inter·

323 2587 444 2652 diceret
455 2586 699 2655 Macedonibus.
734 2589 843 2672 itaque
861 2588 996 2655 servitiis
1015 2612 1056 2654 ex
1073 2588 1200 2654 Achaia
1217 2586 1344 2673 fugien-
1362 2609 1377 2655 a

324 2681 409 2746 tibus
428 2684 664 2769 receptaculum
684 2681 879 2749 Macedonia
900 2695 982 2761 erat,
1011 2684 1102 2768 quia,
1126 2706 1200 2749 eum
1226 2682 1345 2747 finibus

321 2776 384 2843 sois
400 2775 655 2855 interdixissent,
672 2778 791 2844 intrare
808 2778 900 2864 regni
918 2777 1067 2844 terminos
1085 2779 1148 2865 ipsi
1163 2800 1229 2844 non
1246 2776 1345 2843 aude-

319 2869 403 2938 bant.
438 2871 475 2936 id
492 2893 565 2937 cum
581 2871 721 2937 Perseus
740 2872 1023 2951 animadvertisset,
1042 2872 1225 2959 conprensis
1243 2871 1345 2937 omni·
1363 2881 1378 2929 3

318 2965 375 3032 hus
396 2966 525 3033 litterae
546 2963 657 3053 [....].
702 2978 844 3033 ceterum
870 2990 911 3033 ne
938 2967 1047 3032 similis
1074 2968 1154 3053 fuga
1181 2987 1344 3032 servorum

318 3073 428 3148 pastea
442 3061 545 3137 fieret,
563 3060 770 3148 cogitandum
783 3072 816 3126 et
831 3062 895 3126 illis
908 3084 988 3128 esse.
1015 3061 1154 3127 recitatis
1166 3059 1215 3124 his
1232 3059 1345 3124 litteris
1363 3071 1380 3117 4

319 3177 375 3240 per
389 3154 605 3220 Xenarchum
626 3166 820 3240 praetorem,
845 3156 900 3240 qui
922 3157 1066 3242 privatae
1083 3155 1205 3241 gratiae
1223 3152 1345 3218 aditum

320 3261 395 3336 aput
409 3271 523 3337 regem
539 3249 724 3334 quaerebat,
741 3262 774 3317 et
794 3252 956 3338 plerisque
972 3251 1135 3317 moderate
1152 3261 1185 3315 et
1206 3248 1344 3335 benigne

320 3343 449 3431 scriptas
472 3366 544 3409 esse
566 3344 770 3411 censentibus
793 3346 929 3419 litteras,
954 3356 1050 3429 atque
1067 3345 1106 3409 iis
1123 3366 1272 3409 maxume
1290 3342 1347 3427 qui

320 3451 443 3524 praeter
460 3460 552 3525 spem
568 3439 729 3525 recepturi
746 3451 853 3507 essent
869 3442 987 3506 amissa
1004 3439 1173 3526 mancipia,
1193 3435 1347 3504 Callicra-
1365 3451 1380 3500 5

321 3543 367 3600 tea
385 3556 429 3600 ex
449 3533 507 3611 iis,
532 3533 589 3618 qui
609 3533 643 3599 in
666 3554 705 3599 eo
726 3535 807 3602 verti
830 3536 966 3601 salutem
988 3535 1092 3621 gentis
1116 3534 1294 3609 crederent,
1317 3534 1348 3599 'si

321 3651 391 3696 cnm
408 3629 566 3695 Romanis
587 3628 776 3695 inviolatum
796 3629 911 3697 foedus
930 3642 1123 3707 servaretur,
1147 3628 1275 3715 ‘parva’
1299 3629 1348 3692 in·

321 3723 388 3808 quit
403 3731 479 3789 ‘ant
495 3723 665 3790 mediocris
681 3744 747 3801 ras,
765 3723 905 3802 Achaei,
922 3724 1116 3809 quibusdam
1134 3723 1261 3788 videtur
1278 3721 1346 3807 agi3

317 3839 379 3905 ego
395 3839 585 3883 maxumam
606 3817 893 3904 gravissimamque
911 3820 1053 3884 omnium
1069 3841 1134 3883 non
1152 3818 1206 3903 agi
1224 3827 1348 3881 tantum
1366 3828 1380 3875 6

315 3913 467 3990 arbitror,
484 3912 542 3978 sed
559 3912 701 3996 quodam
713 3914 809 3979 modo
823 3924 929 3979 actam
946 3937 1025 3980 esse.
1052 3938 1129 3981 nam
1145 3914 1201 3998 qui
1217 3912 1347 3999 regibus

314 4003 539 4074 Macedonum
561 4006 861 4092 Macedonibusque
886 4008 964 4094 ipsis
989 4008 1107 4074 finibus
1132 4005 1348 4073 interdixisse-

312 4121 404 4180 mus,
426 4122 625 4186 manereque
643 4099 744 4189 [....]
763 4102 797 4167 id
814 4101 979 4169 decretum
996 4103 1131 4182 seilicet,
1152 4124 1192 4167 ne
1214 4101 1347 4184 legatos,
1367 4115 1381 4160 ι

310 4217 356 4267 ne
371 4197 508 4266 nuntios
531 4198 770 4265 admitteremus
787 4221 916 4286 regum,
939 4221 997 4284 per
1014 4219 1094 4283 quos
1112 4198 1291 4280 aliquorum
1309 4219 1348 4262 ex

309 4295 409 4362 nobis
424 4292 528 4360 animi
540 4293 796 4372 sollicitarentur,
814 4293 837 4359 ii
852 4293 1087 4361 contionantem
1100 4290 1240 4377 quodam
1252 4291 1348 4356 modo
