3359 5092
527 539 850 610 nrsnaxxxxsm,
869 540 934 596 aa
954 539 1106 611 [acra]
1268 527 1332 595 115

314 712 458 787 strupra
478 721 574 784 rupes
597 698 736 785 ingentis
758 697 902 784 gurgites
920 697 997 764 facit
1014 710 1047 764 et
1067 698 1151 765 infra
1168 711 1331 786 prorutam

314 797 443 861 inmare
460 793 637 859 evolvendo
655 803 772 858 terram
793 794 950 878 praealtas
968 794 1138 879 voragines
1156 807 1330 880 cavatoque

314 890 409 956 medio
427 889 521 954 alveo
537 888 622 974 ripas
644 888 804 971 utrimque
821 889 1012 974 praecipitis.
1047 890 1108 955 hoc
1126 892 1256 956 flumine
1274 893 1331 957 ob-
1350 913 1364 959 r

313 996 452 1071 saeptum
478 983 538 1049 iter
563 982 663 1048 bostis
690 983 822 1049 eredens
850 983 1015 1049 extrahere
1046 985 1178 1050 relicum
1205 997 1330 1073 tempus

314 1077 433 1144 aestatis
450 1079 485 1143 in
502 1078 609 1143 animo
626 1077 774 1143 habebat.

367 1173 457 1238 Inter
474 1173 554 1238 haec
573 1172 684 1237 consul
702 1171 829 1237 aPhila
842 1170 1018 1257 Popillium
1036 1195 1110 1237 cum
1127 1174 1253 1239 duobus
1271 1174 1330 1239 mi·
1348 1195 1364 1243 s

316 1267 387 1331 libus
402 1278 597 1333 armatorum
606 1267 800 1332 Heracleum
814 1265 921 1331 mittit
948 1264 1040 1332 abest
1053 1267 1176 1334 aPhila
1190 1269 1331 1353 quinque
1350 1292 1364 1339 s

265 1405 267 1426 .
316 1361 390 1427 milia
407 1362 509 1427 ferme
526 1385 690 1449 passuum,
707 1362 814 1427 media
831 1361 961 1447 regione
978 1362 1061 1428 inter
1077 1363 1179 1428 Dium
1192 1364 1331 1452 Tempe-

317 1477 377 1540 que,
395 1458 430 1522 in
447 1480 528 1543 rupe
546 1456 633 1521 amni
649 1457 822 1522 inminente
839 1456 990 1542 positum.

265 1549 267 1556 ’
368 1552 482 1618 VIIII.
508 1552 665 1637 Popillius
680 1550 867 1638 priusquam
876 1563 1014 1616 armatos
1029 1551 1127 1616 muris
1137 1552 1329 1630 admoveret,
1350 1575 1362 1620 r

265 1667 267 1674 ·
317 1645 388 1711 nisit
405 1646 462 1730 qui
483 1646 722 1732 magistratibus
743 1645 1004 1731 principibusque
1022 1645 1206 1723 suaderent,
1234 1646 1330 1711 fidem

265 1739 271 1801 '.
318 1740 568 1825 clementiamque
585 1741 803 1806 Romanorum
825 1762 922 1824 quam
944 1741 1010 1804 vim
1032 1741 1167 1826 experiri
1189 1742 1328 1807 mallent

265 1831 269 1872 ⁹
317 1835 382 1900 nibil
399 1859 438 1901 ea
453 1835 585 1901 consilia
598 1847 776 1913 moverunt,
795 1835 871 1920 quia
884 1833 975 1920 ignes
989 1836 1031 1899 ad
1039 1834 1178 1920 Elpeum
1192 1860 1232 1900 ex
1245 1839 1329 1921 regis
1348 1857 1363 1904 a

265 1929 267 1950 ²
317 1930 414 1995 caruis
438 1930 643 2015 apparebant.
687 1939 756 1994 tum
774 1939 858 1994 terra
875 1928 1018 2014 marique
1036 1940 1129 1994 -et
1147 1930 1255 1995 classis
1274 1929 1330 1994 ad-

265 2011 270 2114 :
317 2024 396 2107 pulsa
413 2024 455 2089 ab
472 2024 562 2089 litore
581 2022 843 2089 stabat-simul
860 2022 966 2099 armis,
985 2024 1079 2088 simul
1097 2024 1245 2110 operibus
1263 2047 1331 2088 ma·

265 2193 267 2198 ,
316 2118 468 2203 cbinisque
478 2120 657 2206 oppugnari
665 2119 779 2205 coepti.
805 2120 937 2185 iuvenes
948 2121 1042 2185 etiam
1053 2121 1183 2203 quidam
1192 2122 1363 2187 Romanis

265 2251 269 2264 ·
315 2211 426 2279 ludicro
444 2214 579 2280 circensi
596 2215 638 2279 ad
661 2233 755 2280 usum
777 2213 853 2280 belli
870 2237 962 2280 verso
979 2227 1102 2299 partem
1119 2215 1330 2281 humillimam

315 2308 386 2374 nuri
411 2320 574 2394 ceperunt.
618 2331 688 2374 mos
715 2319 893 2387 crottum,
920 2310 1061 2374 nondum
1087 2310 1148 2375 hac
1175 2310 1364 2377 effirsiones

314 2400 432 2468 bducta
454 2403 553 2468 bestis
571 2402 714 2468 omnium
734 2403 879 2489 gentium
897 2404 1016 2468 circum
1034 2404 1218 2489 conplendi,
1241 2404 1329 2469 varia

313 2498 557 2583 spectaculorum
579 2499 766 2583 conquirere
787 2522 920 2585 genera3
942 2521 1017 2563 nam
1036 2499 1133 2564 semel
1155 2499 1329 2585 quadrigis,

313 2594 400 2658 semel
418 2593 579 2659 desultore
596 2593 691 2657 misso
710 2594 764 2658 vix
786 2593 881 2658 unius
898 2592 995 2657 horae
1013 2603 1139 2678 tempus
1157 2605 1328 2679 utrumque

313 2688 496 2752 curriculum
505 2687 683 2773 conplebat.
710 2687 792 2753 inter
801 2699 907 2753 cetera
916 2687 1067 2773 sexageni
1075 2686 1176 2753 ferme
1185 2687 1327 2767 iuvenes,
1346 2706 1361 2755 5

311 2779 464 2847 interdum
473 2782 581 2866 plures
591 2781 845 2867 apparatioribus
857 2781 951 2858 ludis,
961 2781 1074 2846 armati
1086 2781 1329 2849 inducebantur.

310 2873 416 2942 borum
429 2876 571 2941 inductio
586 2899 626 2941 ex
639 2886 729 2962 parte
742 2876 948 2943 simulacrum
961 2876 1156 2943 decurrentis
1172 2877 1329 2944 exercitus

309 2983 380 3048 erat,
400 2995 441 3036 ex
456 2981 546 3056 parte
560 2971 761 3057 elegantioris
770 2970 958 3057 (exercitus)
972 2992 1069 3055 quam
1082 2972 1227 3037 militaris
1242 2971 1328 3050 artis,

307 3067 495 3154 propiorque
517 3066 741 3153 gladiatorium
759 3089 920 3132 armorum
937 3089 1041 3132 usum.
1087 3090 1161 3132 eum
1178 3068 1256 3132 alios
1273 3069 1362 3133 dec

309 3182 400 3226 cursu
426 3160 600 3227 edidissent
625 3172 744 3238 motus,
771 3162 928 3245 quadrato
950 3162 1077 3248 agmine
1103 3161 1204 3237 facto,
1232 3161 1329 3226 scutis

308 3278 398 3342 super
415 3256 521 3341 capita
537 3256 686 3332 densatis,
704 3256 861 3321 stantibus
878 3256 999 3341 primis,
1018 3254 1165 3320 secundis
1183 3255 1330 3319 summis-

306 3350 456 3427 sioribus,
482 3353 571 3415 tertis
592 3350 696 3436 magis
718 3360 750 3415 et
772 3349 909 3434 quartis,
936 3348 1104 3435 postremis
1127 3348 1222 3414 etiam
1244 3371 1330 3434 genu

306 3444 395 3521 nixis,
412 3442 608 3529 fastigatam,
623 3443 705 3509 siout
719 3454 804 3508 tecta
813 3442 1030 3508 aedificiorum
1039 3451 1123 3521 sunt,
1137 3442 1330 3509 testudinem

305 3535 473 3604 faciebant
500 3536 574 3603 hinc
583 3538 929 3624 quinquagintoferme
943 3537 1062 3623 pedum
1073 3537 1176 3623 spatio
1186 3537 1330 3602 distantis
1348 3553 1362 3599 r

307 3630 366 3698 duo
384 3632 500 3697 armati
516 3632 745 3718 procurrebant
762 3632 1008 3716 comminatique
1030 3631 1113 3696 inter
1134 3654 1184 3708 se,
1208 3632 1249 3696 ab
1266 3632 1331 3696 ima

306 3723 336 3790 in
352 3748 513 3792 summam
532 3725 723 3791 testudinem
738 3749 797 3812 per
810 3726 942 3791 densata
956 3735 1047 3790 scuta
1060 3747 1133 3790 cum
1147 3725 1330 3803 evasissent,

305 3842 387 3886 nunc
409 3820 498 3887 velut
522 3831 761 3907 propugnantes
783 3843 841 3905 per
866 3841 938 3884 oras
965 3831 1126 3885 extremae
1152 3820 1329 3896 testudinis,

303 3935 386 3980 nunc
403 3914 439 3979 in
460 3913 568 3979 media
587 3913 671 3979 inter
693 3936 728 3980 se
750 3925 986 3991 concurrentes,
1014 3913 1101 3978 haud
1123 3936 1215 3979 secus
1233 3934 1330 3995 quam

302 4008 408 4074 stabili
424 4007 494 4074 solo
511 4009 740 4093 persultabant.
767 4008 843 4074 huic
861 4007 986 4073 testudo
1004 4006 1115 4072 similis
1133 4005 1328 4071 humillimae
1346 4019 1362 4068 s
1426 4090 1428 4093 Ι

302 4103 384 4188 parti
409 4102 495 4168 muri
517 4101 647 4168 admota
668 4125 742 4168 cum
764 4102 878 4167 armati
902 4124 997 4187 super
1019 4111 1138 4166 stantes
1160 4097 1329 4176 subissent,

302 4195 593 4285 propugnatoribus
625 4198 710 4262 muri
740 4196 869 4284 fastigio
900 4196 1074 4262 altitudinis
1100 4192 1329 4277 aequabantur,

300 4291 509 4380 depulsisque
525 4292 565 4358 iis
581 4291 616 4357 in
633 4294 746 4358 urbem
763 4293 900 4358 duorum
923 4291 1087 4378 signorum
1107 4287 1222 4443 ΠξΙίῐθε
1244 4299 1331 4354 tran-
