3359 5092
498 563 615 620 arana
631 562 787 635 xxxxv,
804 562 849 618 44.
869 562 1023 634 [acuar]
1212 549 1276 615 195

310 720 363 785 Εο
377 743 462 786 anno
476 743 534 785 rex
546 719 664 785 Prusia
681 719 768 785 venit
776 719 915 784 Romam
928 742 1003 786 cum
1014 720 1080 786 filio
1089 719 1274 787 Nicomede.
1293 745 1309 789 4

273 859 275 872 »
299 837 420 901 magno
448 814 600 879 comitatu
622 813 736 878 urbem
761 813 925 899 ingressus
951 813 994 879 ad
1015 815 1121 880 forum
1143 840 1164 881 a
1184 826 1276 901 porta

273 910 450 994 ibunalque
477 905 551 994 [Q]
576 904 671 973 Cassi
694 907 850 993 praetoris
876 908 1029 993 perrexit3
1056 930 1308 994 concursuques

273 1004 389 1088 ndique
407 1004 493 1070 facto
511 1004 602 1081 deos,
621 1001 677 1086 qui
694 1001 806 1067 urbem
823 1002 961 1068 Romam
977 1003 1166 1082 incolerent,
1184 1027 1274 1071 sena-

272 1120 379 1183 1mquc
398 1109 431 1163 et
448 1098 602 1183 populum
617 1095 800 1161 Romanum
817 1097 989 1163 salutatum
1007 1120 1041 1163 se
1059 1098 1139 1164 dixit
1150 1098 1276 1164 venisse

273 1206 281 1256 t
296 1193 509 1279 gratulatum,
527 1190 613 1276 quod
630 1191 751 1256 Persea
769 1189 988 1275 Gentiumque
1004 1215 1098 1279 reges
1115 1193 1275 1270 vicissent,

273 1288 548 1371 dacedonibusque
566 1297 599 1352 et
611 1285 717 1370 Illyris
733 1286 769 1351 in
782 1285 941 1354 dicionem
957 1288 1094 1353 redactis
1113 1288 1276 1353 auxissent

273 1382 427 1467 nperium.
455 1403 529 1446 cum
546 1391 674 1466 praetor
690 1391 837 1446 senatum
854 1381 895 1460 ei,
913 1381 941 1446 si
957 1382 1044 1460 velit,
1063 1404 1101 1447 eo
1116 1383 1167 1448 die
1182 1382 1275 1447 datu·
1293 1402 1307 1449 6

273 1498 318 1540 um
335 1476 477 1553 dixisset,
495 1474 629 1540 biduum
644 1475 747 1561 petiit,
765 1496 828 1560 quo
847 1477 967 1562 templa
984 1477 1081 1543 deum
1098 1478 1276 1561 urbemque

273 1569 438 1655 thospites
461 1569 642 1653 amicosque
665 1569 791 1636 viseret.
835 1569 929 1636 datus
946 1572 1003 1655 qui
1024 1570 1276 1638 circumduceret
1295 1592 1308 1637 r

273 1687 334 1740 um,
355 1662 426 1750 [ha]
448 1661 615 1731 Cornelius
634 1663 744 1751 Scipio
766 1676 932 1749 quaestor,
955 1666 1061 1750 quiet
1079 1663 1227 1752 Capuam
1245 1665 1273 1733 ei

273 1759 375 1823 bviam
391 1759 508 1824 missus
525 1758 645 1835 fuerat,
669 1770 703 1824 et
719 1758 831 1837 aedes,
853 1780 937 1844 quae
955 1759 1063 1846 ipsum
1080 1761 1275 1845 comitesque

273 1854 314 1919 ius
331 1854 472 1939 benigne
490 1854 675 1941 reciperent,
694 1853 881 1921 conductae.
909 1855 1003 1922 tertio
1020 1867 1094 1941 post
1112 1856 1164 1922 die
1181 1878 1274 1922 sena·
1292 1873 1308 1921 8

273 1971 317 2014 rm
329 1949 424 2026 adiit3
442 1949 619 2035 gratulatus
633 1949 799 2014 victoriam
813 1961 862 2016 est
867 1974 877 2028 3
890 1950 1004 2016 merita
1018 1973 1077 2016 sua
1090 1952 1123 2015 in
1138 1972 1176 2017 eo
1191 1949 1275 2016 bello

273 2043 521 2120 ommcmoravit;
543 2044 651 2129 petiit,
673 2054 711 2108 ut
726 2053 838 2109 votum
857 2041 918 2109 sibi
940 2045 1079 2123 solvere,
1101 2045 1224 2111 Romae
1242 2046 1276 2110 in

273 2137 410 2224 hpitolio
429 2137 540 2203 decem
556 2138 692 2203 maiores
709 2138 830 2204 hostias
848 2149 880 2204 et
892 2138 1067 2205 Praeneste
1084 2162 1183 2204 unam
1195 2139 1277 2204 For-

273 2253 354 2308 mae,
373 2231 583 2297 liceret-ea
599 2241 675 2297 vota
695 2254 754 2317 pro
771 2232 906 2298 victoria
922 2234 1034 2319 populi
1050 2233 1189 2298 Romani
1206 2255 1276 2298 esse
1294 2252 1309 2300 9

273 2339 334 2392 -et
351 2337 390 2390 ut
407 2326 542 2391 societas
560 2348 670 2392 secum
685 2337 894 2393 renovaretur
911 2348 1050 2413 agerque
1068 2327 1130 2392 sibi
1147 2326 1187 2392 de
1200 2348 1276 2412 rege

273 2420 412 2485 tntiocho
435 2432 547 2506 captus
552 2468 561 2498 ,
585 2443 681 2505 quem
698 2420 778 2486 nulli
795 2421 907 2487 datum
924 2420 973 2508 [a]
994 2422 1112 2507 populo
1130 2420 1276 2486 Romano

273 2513 338 2580 ialli
355 2513 569 2600 possiderent,
588 2514 726 2581 daretur.
769 2515 872 2581 filium
888 2526 1049 2601 postremo
1066 2514 1276 2580 Nicomedem

273 2609 375 2675 enatui
392 2608 635 2675 commendavit.
663 2608 804 2674 omnium
819 2609 875 2693 qui
887 2608 1123 2675 inMacedonia
1139 2609 1277 2694 impera-

273 2724 333 2768 ores
347 2702 476 2767 fuerant
489 2702 629 2767 favorest
642 2701 781 2768 adiutus.
810 2703 919 2786 itaque
933 2714 1039 2768 cetera
1050 2724 1134 2786 quae
1147 2702 1277 2788 petebat
1296 2723 1327 2769 10

273 2818 410 2873 oncessa,
429 2796 469 2861 de
487 2818 565 2882 agro
582 2818 770 2883 responsum
788 2808 846 2874 est,
864 2798 987 2883 legatos
1006 2797 1048 2861 ad
1064 2819 1132 2862 rem
1149 2796 1277 2883 inspici-

273 2892 366 2957 ndam
385 2890 552 2955 missuros:
573 2888 630 2976 [si]
644 2891 671 2955 is
685 2913 764 2977 ager
775 2891 886 2977 populi
895 2891 1034 2956 Romani
1048 2888 1168 2977 [factus
1184 2902 1276 2968 esset,

273 3008 323 3051 um
339 2983 510 3071 Antiochi]
528 2984 642 3050 fuisset
658 3007 719 3051 nec
737 2986 887 3070 cuiquam
904 2985 997 3051 datus
1016 2996 1109 3062 esset,
1129 2985 1277 3071 dignissi-

273 3103 337 3146 rum
355 3102 394 3147 eo
413 3080 497 3144 dono
510 3079 659 3144 Prusiam
677 3080 841 3145 habituros
859 3103 943 3154 esser
963 3080 990 3144 si
1008 3090 1116 3144 autem
1125 3078 1277 3143 Antiochi
1297 3098 1327 3144 11

273 3195 314 3240 on
329 3174 429 3239 firisse
448 3186 480 3239 et
497 3196 535 3239 eo
552 3196 593 3239 nc
611 3174 723 3260 populi
740 3173 871 3259 quidem
881 3173 1020 3240 Romani
1038 3172 1161 3238 factum
1179 3195 1279 3259 appa-

273 3279 331 3336 cret
349 3280 407 3335 aut
424 3268 535 3333 datum
545 3266 648 3335 Gallis
662 3292 741 3347 esse,
759 3269 924 3355 ignoscere
937 3268 1088 3333 Prusiam
1105 3266 1231 3345 debere,
1250 3267 1277 3331 si

273 3387 292 3428 x
307 3363 426 3429 nullius
444 3363 560 3428 iniuria
577 3362 749 3447 quicquam
766 3362 796 3429 ei
820 3364 931 3428 datum
953 3362 1048 3427 vellet
1064 3362 1278 3447 populusRo-

273 3479 374 3523 tanus.
402 3479 443 3521 ne
462 3457 514 3521 cui
532 3457 625 3523 detur
642 3455 781 3540 quidem,
800 3467 929 3543 gratum
947 3478 1016 3521 esse
1031 3455 1155 3520 donum
1172 3478 1276 3542 posse,
1296 3474 1328 3522 12

273 3553 337 3636 uod
354 3574 430 3617 eum
449 3551 505 3635 qui
522 3550 592 3628 det,
618 3550 675 3615 ubi
691 3551 800 3628 vellet,
823 3550 1004 3615 ablaturum
1021 3568 1091 3615 esse
1109 3549 1197 3616 sciat
1233 3551 1279 3617 fili
1298 3568 1329 3616 13

273 3645 752 3712 fimmeffisoommendationem
767 3645 920 3731 accipere.
947 3654 1154 3727 quantacura
1166 3668 1279 3733 regum

273 3741 429 3806 micorum
450 3739 568 3804 liberos
586 3750 713 3805 tueatur
730 3739 868 3825 populus
885 3737 1066 3817 Romanus,
1089 3737 1280 3806 documento

273 3833 475 3902 Ptolemaemn
501 3834 646 3921 Aegypti
672 3855 781 3919 regem
808 3854 887 3897 esse.
940 3852 1014 3898 cum
1039 3833 1101 3898 hoc
1127 3852 1280 3919 responso
1300 3850 1332 3899 14

273 3927 385 3994 husius
403 3939 452 3993 est
469 3927 627 3992 dimissus.
654 3950 788 3993 munera
806 3927 836 3993 ei
854 3949 894 3992 ex
912 3924 1007 4013 [σου]
1024 3927 1176 3993 sestertiis
1193 3927 1280 3992 iussa

273 4019 337 4098 lari,
363 4033 396 4087 et
418 4015 568 4087 vasorum
589 4032 812 4108 argenteorum
833 4020 940 4107 pondo
964 4018 1205 4106 quinquaginta.
1249 4031 1282 4086 et
1300 4038 1331 4088 15

273 4113 320 4179 ilio
332 4117 417 4202 regis
426 4116 594 4182 Nicomedi
608 4140 648 4182 ex
662 4140 700 4181 ca
713 4139 837 4182 summa
849 4138 982 4181 munera
996 4116 1066 4180 dari
1080 4125 1280 4194 censuerunt,

273 4227 301 4271 rx
320 4230 384 4293 qua
400 4211 579 4298 Masgabae
605 4211 671 4276 filio
692 4212 776 4298 regis
794 4211 986 4276 Masinissae
1010 4210 1085 4273 data
1101 4218 1221 4285 essent,
1248 4219 1281 4274 et

273 4311 300 4364 tt
314 4303 455 4371 victimae
473 4306 613 4393 aliaque,
632 4328 715 4391 quae
733 4307 776 4371 ad
792 4304 981 4373 sacrificium
998 4301 1205 4454 pertpperent,
1223 4325 1281 4369 seu
