3359 5092
449 523 569 580 muna
584 522 877 593 xxxxm,12.1s.
897 525 935 591 [a.
945 520 976 578 c.
986 522 1045 578 170.
1055 522 1118 592 169]
1257 509 1299 578 97

337 682 418 747 XII.
444 681 607 766 Principio
629 679 826 764 insequentis
853 679 927 744 anni
950 701 1024 744 cum
1051 682 1196 747 consules
1222 681 1332 750 novi1

292 776 484 860 QMarcius
510 786 542 840 et
565 771 626 839 On.
650 773 805 841 Servilius
832 774 872 840 de
898 773 1070 859 provinciis
1096 776 1300 854 rettulissent,

291 873 374 959 primo
391 892 521 954 quoque
538 881 681 955 tempore
696 881 752 934 aut
766 890 940 954 conparare
958 892 1013 935 eos
1029 870 1113 937 inter
1129 894 1164 937 se
1174 872 1301 937 ltaliam

290 964 541 1032 etMacedoniam
553 975 609 1029 aut
623 962 727 1029 sortiri
744 963 878 1049 placuit:
897 963 1083 1049 priusquam
1099 964 1134 1030 id
1151 988 1219 1030 sors
1233 986 1301 1032 oer-
1318 984 1333 1032 2

288 1070 377 1136 neret,
402 1059 438 1122 in
458 1058 631 1135 incertum,
656 1057 794 1141 nequid
816 1057 921 1143 gratia
937 1058 1091 1123 momenti
1108 1058 1241 1135 laceret,
1268 1059 1302 1124 in

288 1165 442 1236 utramque
464 1150 660 1237 provinciam
682 1150 770 1234 quod
790 1173 842 1216 res
869 1151 1063 1217 desideraret
1089 1151 1302 1238 supplementi

288 1245 416 1312 decernit
438 1245 472 1309 in
489 1244 715 1310 Macedoniam
732 1243 876 1330 peditum
893 1244 1113 1310 Romanorum
1131 1268 1188 1311 sex
1203 1246 1300 1323 milia,
1319 1265 1335 1314 8

286 1339 433 1404 sociorum
450 1338 587 1402 nominis
605 1338 715 1403 Latini
733 1361 789 1403 sex
805 1338 903 1415 milia,
921 1339 1044 1423 equites
1061 1339 1224 1404 Romanos
1242 1341 1301 1405 du-

287 1444 383 1500 centos
414 1431 663 1517 quinquaginta,
699 1433 801 1497 socios
818 1443 999 1513 trecentos,
1034 1444 1156 1499 veteres
1186 1434 1301 1500 milites
1319 1454 1336 1501 4

286 1526 400 1605 dimitti,
418 1528 464 1592 ita
481 1538 518 1591 ut
534 1528 569 1591 in
583 1527 725 1612 singulas
735 1527 898 1593 Romanas
915 1527 1058 1614 legiones
1076 1550 1117 1593 ne
1134 1529 1206 1614 plus
1225 1552 1302 1594 sena

285 1622 363 1686 milia
379 1622 534 1708 peditum,
552 1622 673 1687 treceni
690 1622 813 1705 equites
830 1632 945 1688 essent.
980 1621 1072 1688 alteri
1089 1623 1213 1688 consuli
1230 1624 1302 1688 nul·
1319 1644 1335 1692 5

285 1715 327 1782 lus
344 1727 448 1782 certus
465 1715 573 1780 finitus
589 1738 742 1781 numerus
761 1716 880 1781 civium
896 1717 1130 1794 Romanorum,
1153 1738 1250 1800 quem
1268 1719 1303 1785 in

285 1812 533 1897 supplementum
544 1812 675 1896 legeret.
702 1812 737 1875 id
750 1812 846 1877 modo
858 1812 994 1889 finitum,
1011 1822 1047 1877 ut
1062 1811 1142 1876 duas
1159 1812 1302 1899 legiones

285 1906 440 1983 scriberet,
458 1927 541 1989 quae
559 1905 658 1989 quina
674 1905 763 1969 milia
779 1905 924 1992 peditum
941 1917 975 1972 et
990 1906 1186 1972 ducentenos
1203 1905 1304 1973 habe·

285 2012 360 2078 rent,
378 1999 501 2083 equites
519 2009 673 2064 trecenos.
717 1996 908 2064 Latinorum
925 2000 1028 2065 maior
1045 2022 1143 2085 quum
1160 2001 1302 2086 collegae
1321 2020 1335 2069 6

286 2093 420 2160 decretus
437 2115 601 2170 numerus,
619 2092 762 2177 peditum
780 2093 892 2158 decem
907 2094 997 2158 milia
1013 2104 1046 2159 et
1062 2094 1199 2160 sescenti
1212 2095 1302 2178 equi-

285 2199 334 2254 tes.
375 2200 527 2273 quattuor
548 2197 713 2274 praeterea
733 2187 876 2274 legiones
894 2188 989 2254 scribi
1005 2188 1126 2267 iussae,
1152 2211 1251 2273 quae,
1274 2189 1302 2254 si

285 2303 339 2368 quo
356 2305 436 2369 opus
456 2293 550 2358 esset,
570 2282 789 2346 educerentur.
822 2281 967 2347 tribunos
984 2285 1011 2347 is
1029 2304 1094 2348 non
1110 2283 1301 2369 permissum
1320 2304 1335 2349 t

285 2389 317 2444 ut
337 2378 483 2444 consules
510 2376 668 2453 facerent3
699 2377 838 2463 populus
864 2377 994 2443 creavit.
1047 2378 1140 2443 sociis
1166 2377 1302 2443 nominis

285 2469 385 2537 Latini
402 2470 567 2537 sexdecim
584 2471 673 2535 milia
690 2471 834 2557 peditum
851 2481 884 2535 et
900 2471 987 2536 mille
1004 2471 1128 2555 equites
1145 2471 1301 2556 imperati.

285 2566 361 2633 lumc
377 2566 552 2632 exercitum
576 2566 682 2651 parari
699 2576 824 2631 tantum
839 2565 975 2651 placuit,
997 2576 1034 2630 ut
1056 2565 1169 2643 exiret,
1194 2565 1221 2629 si
1239 2586 1302 2649 quo
1320 2586 1336 2633 8

285 2683 332 2728 res
349 2672 502 2748 posceret.
542 2660 736 2726 Macedonia
753 2660 893 2725 maxime
911 2683 1020 2725 curam
1036 2659 1221 2745 praebebat.
1269 2660 1303 2724 in
1321 2678 1335 2725 9

285 2757 410 2824 classem
425 2757 513 2822 mille
530 2757 606 2821 socii
623 2758 754 2822 navales
772 2757 858 2822 cives
867 2758 1005 2824 Romani
1018 2757 1157 2824 libertini
1171 2757 1302 2835 ordinis,

285 2873 320 2918 cx
338 2853 432 2918 Italia
455 2848 654 2938 [quingenti]
678 2851 775 2917 scribi
797 2851 890 2930 iussi,
917 2852 1049 2918 totidem
1069 2862 1108 2918 ut
1128 2875 1169 2918 ex
1192 2851 1303 2918 Sicilia

285 2946 502 3022 scriberentur,
520 2958 553 3010 et
570 2944 623 3009 cui
639 2968 678 3011 ea
695 2946 861 3030 provincia
874 2946 1031 3012 evenisset
1047 2946 1248 3023 mandatum,
1266 2958 1303 3011 ut

285 3063 332 3106 cos
344 3039 622 3115 inMacedoniam,
640 3039 834 3124 ubicumque
850 3040 959 3106 classis
977 3051 1071 3118 esset,
1088 3039 1302 3126 deportandos

285 3146 411 3202 curaret.
455 3134 488 3197 in
510 3133 702 3218 Hispaniam
724 3133 785 3199 tria
806 3133 895 3197 milia
916 3133 1061 3219 peditum
1083 3132 1302 3198 Romanorum
1323 3150 1355 3197 10

285 3227 313 3292 in
335 3229 607 3314 supplementum,
632 3228 766 3294 trecenti
795 3227 919 3312 equites
944 3227 1072 3293 decreti.
1124 3225 1233 3290 finitus
1257 3226 1304 3290 ibi

285 3343 405 3408 quoque
418 3324 454 3388 in
465 3323 607 3408 legiones
621 3323 756 3388 militum
768 3345 931 3399 numerus,
949 3322 1092 3407 peditum
1105 3320 1204 3404 quina
1216 3320 1305 3385 milia

285 3415 396 3483 duceni·
412 3429 444 3483 et
462 3418 580 3484 treceni
598 3419 731 3501 equites.
763 3428 794 3482 et
813 3416 907 3482 sociis
924 3417 1080 3503 imperare
1097 3426 1233 3501 praetor,
1251 3415 1305 3480 cui
1323 3436 1353 3483 11

285 3509 439 3598 Hispania
464 3512 659 3587 obvenisset,
685 3512 791 3577 iussus
818 3523 970 3597 quattuor
994 3510 1082 3575 milia
1106 3510 1251 3596 peditum
1272 3523 1304 3577 et

285 3615 436 3672 trecentos
454 3604 588 3688 equites.

342 3699 444 3765 XllI.
471 3700 548 3763 Non
570 3721 641 3764 sum
661 3699 788 3764 nescius
810 3698 983 3765 abeodem
999 3698 1210 3785 neclegentic,
1228 3698 1304 3783 quia
1323 3721 1337 3767 1

285 3794 357 3860 nihil
374 3794 452 3859 deos
469 3793 658 3879 portendere
672 3795 770 3879 vulgo
783 3816 869 3859 nunc
886 3794 1027 3870 credant,
1044 3816 1148 3879 neque
1165 3792 1305 3860 nuntiari

285 3888 453 3952 admodum
478 3887 545 3952 ulla
570 3886 716 3972 prodigia
736 3889 769 3952 in
796 3887 961 3973 publicum
985 3909 1089 3972 neque
1115 3888 1149 3953 in
1174 3889 1304 3954 annales

285 3981 400 4046 referri.
428 3992 569 4046 ceterum
587 3992 620 4046 et
635 3980 715 4045 mihi
729 3993 869 4047 vetustas
883 4004 934 4048 res
952 3981 1102 4047 scribenti
1117 3982 1304 4065 nescioquo
1323 4003 1338 4049 ‘2

285 4087 372 4161 pacto
390 4075 515 4141 anticus
537 4075 573 4141 fit
591 4075 715 4140 animus
733 4086 765 4142 et
787 4077 944 4159 quaedam
961 4076 1073 4163 religio
1095 4087 1195 4153 tenet,
1222 4097 1305 4159 quae

285 4169 325 4236 illi
341 4169 581 4256 prudentissimi
602 4169 663 4234 viri
684 4169 812 4254 publice
830 4170 1032 4257 suscipienda
1049 4170 1244 4247 censuerint,
1265 4193 1305 4235 ea

285 4264 510 4410 promindignis
540 4263 673 4343 habere,
709 4286 792 4349 quae
821 4264 856 4330 in
881 4286 969 4331 meos
1001 4264 1141 4421 annaleq
1157 4263 1304 4332 referam.

351 4366 377 4376 ..
386 4366 427 4410 m
465 4395 471 4408 Ι
