3359 5092
345 525 410 592 182
550 532 961 604 clarummane
980 533 1166 604 [amabili]

345 694 526 761 ministeriis
542 693 650 779 regiis,
667 692 765 757 etiam
782 691 839 777 qui
856 691 889 756 in
906 690 1121 775 legationibus
1137 690 1277 770 fueram,
1293 691 1361 758 iussi

346 789 541 855 Macedonia
553 787 708 854 excedere
721 799 817 870 atque
830 786 865 850 in
874 785 1002 851 Italiam
1015 787 1075 864 ire;
1095 786 1152 872 qui
1168 808 1234 852 non
1250 787 1360 873 parnis·

314 908 328 954 r
347 897 396 951 set
417 883 566 970 imperio,
591 904 679 947 mors
699 880 897 947 denuntiata
942 881 1030 968 leges
1051 880 1265 948 Macedoniae
1286 880 1359 946 dedit

346 1002 421 1046 cum
437 989 527 1043 tanta
544 999 637 1052 cura,
662 989 699 1042 ut
720 997 786 1041 non
802 975 947 1041 hostibus
964 976 1072 1053 victis,
1100 976 1159 1043 sed
1176 976 1269 1042 sociis
1290 976 1358 1041 bene

345 1075 466 1140 meritis
492 1074 568 1139 darc
594 1073 770 1149 videretur,
796 1087 827 1139 et
854 1093 934 1156 quas
960 1095 1001 1139 na
1022 1095 1102 1138 usus
1123 1072 1253 1158 quidem
1275 1074 1355 1157 longo

345 1180 503 1254 tempore,
529 1168 586 1253 qui
607 1190 691 1233 unus
712 1183 760 1232 est
783 1167 893 1252 legum
915 1177 1085 1244 corrector,
1112 1166 1301 1253 experiendo
1316 1187 1354 1230 ar·

370 1274 468 1328 ueret.

311 1285 369 1428 ag
409 1356 466 1421 Ab
484 1356 574 1422 seriis
595 1355 692 1422 rebus
713 1356 873 1420 ludicrum
891 1379 931 1422 ax
953 1355 1054 1420 multo
1077 1369 1151 1420 ante
1174 1365 1353 1441 praeparem,

346 1462 379 1516 et
395 1451 430 1515 in
446 1452 547 1516 Asiae
565 1452 710 1517 civitates
726 1463 760 1515 et
781 1452 824 1515 ad
845 1473 937 1536 reges
955 1450 1059 1516 missis
1076 1450 1132 1534 qni
1151 1450 1353 1516 denuntiarent

346 1557 471 1612 etcum
488 1546 669 1612 circumiret
685 1547 754 1631 ipse
764 1544 921 1612 Graeciae
939 1546 1082 1612 civitates
1100 1545 1241 1610 invitatis
1258 1544 1353 1631 princi·

312 1663 327 1711 9
345 1641 451 1728 pibus,
469 1663 587 1727 magno
600 1655 757 1727 apparatu
765 1642 955 1727 Amphipoli
967 1642 1053 1708 fecit
1080 1664 1157 1707 nam
1172 1653 1203 1707 et
1218 1639 1353 1706 artificum

347 1735 450 1801 omnis
466 1737 603 1822 generis,
621 1736 675 1820 qui
689 1736 845 1800 ludicram
858 1747 959 1801 artem
973 1735 1143 1812 faciebant,
1163 1759 1204 1802 ex
1218 1747 1282 1801 toto
1294 1733 1354 1798 orbe

346 1841 502 1896 terrarum
522 1830 707 1907 multitudo,
729 1841 763 1896 et
784 1830 974 1898 athletarum
991 1843 1024 1897 et
1045 1830 1202 1896 nobilium
1219 1849 1353 1915 equorum

346 1928 510 2003 convenit,
536 1937 569 1991 et
589 1926 765 2011 legationes
782 1948 856 1992 cum
878 1927 1029 2004 victimis,
1057 1938 1089 1994 et
1111 1926 1269 2011 quidquid
1285 1921 1353 1990 aliud
1370 1959 1382 2000 .·.

346 2020 479 2085 deorum
495 2020 723 2105 hominumque
741 2043 839 2086 causa
855 2021 924 2088 fieri
942 2021 1067 2107 magnis
1085 2021 1170 2086 ludis
1187 2021 1222 2086 in
1237 2017 1354 2087 Graecis
1370 2019 1383 2034 ⁴

296 2131 329 2181 10
345 2115 441 2191 solet,
458 2114 504 2179 ita
519 2114 641 2180 factum
659 2127 722 2192 est,
739 2127 857 2180 utnon
874 2115 1143 2201 magnificentiam
1161 2127 1295 2190 tantum,
1310 2109 1353 2176 scd
1378 2165 1382 2200 1,

345 2208 548 2295 prudentiam
565 2208 600 2273 in
616 2210 730 2275 dandis
748 2211 949 2296 spectaculis,
967 2212 1106 2295 adquae
1123 2209 1213 2275 rudis
1230 2206 1353 2275 tumllo·
1378 2251 1383 2308 ὲ

296 2321 327 2369 11
345 2303 433 2368 mani
455 2315 559 2382 erant,
585 2305 829 2370 admirarentur.
874 2306 988 2391 epulae
1009 2326 1137 2389 quoque
1159 2302 1353 2391 legationibus
1379 2335 1382 2398 3

344 2409 476 2484 paratae
493 2409 527 2465 et
542 2399 706 2485 opulentia
722 2411 757 2464 et
773 2422 851 2466 cura
868 2400 991 2467 eadem.
1017 2400 1116 2486 vulgo
1134 2398 1256 2464 dictum
1272 2397 1353 2485 ipsius
1369 2405 1383 2488 ζ

345 2491 501 2570 ferebant,
520 2505 553 2559 et
565 2493 748 2558 convivium
764 2493 923 2560 instruere
936 2505 970 2559 et
985 2494 1079 2560 ludos
1096 2516 1212 2579 parare
1231 2491 1352 2559 eiusdem
1378 2491 1383 2578 ζ

345 2608 415 2652 esse
432 2587 490 2670 qui
506 2587 633 2653 vincere
650 2587 734 2652 bello
753 2587 859 2653 sciret.
1377 2595 1383 2642 t

312 2695 326 2745 1
409 2679 584 2745 XXXIII.
618 2680 717 2746 Edita
746 2681 871 2747 ludicro
896 2681 999 2748 omnis
1028 2682 1155 2768 generis
1188 2682 1352 2769 clupeisque

344 2775 445 2840 aereis
458 2775 492 2838 in
505 2797 605 2841 naves
621 2775 767 2861 inpositis
780 2787 887 2843 cetera
898 2776 1002 2844 omnis
1018 2778 1144 2863 generis
1159 2802 1251 2843 arms
1263 2795 1352 2843 cumu·

312 2884 327 2931 2
344 2866 410 2930 lata
424 2864 487 2952 [in]
506 2867 669 2953 ingentem
686 2889 849 2949 acervum,
865 2883 1013 2958 precatus
1021 2871 1174 2950 Martem,
1189 2872 1351 2938 Minervam
1374 2851 1383 2928 i

344 2960 515 3045 Luamque
531 2973 667 3028 matrem
683 2976 716 3029 et
733 2976 855 3032 ceteros
873 2966 960 3043 deos,
978 2966 1094 3050 quibus
1112 2966 1215 3052 spolia
1232 2965 1349 3032 hostium
1369 2931 1383 3038 l

345 3054 452 3120 dicare
472 3056 523 3122 ius
545 3056 659 3142 fasque
681 3071 743 3136 est,
770 3062 840 3147 ipsc
862 3060 1034 3147 imperator
1055 3060 1127 3128 face
1149 3062 1278 3128 subdita
1297 3077 1348 3126 sut·

344 3150 461 3227 cendit,
478 3151 593 3219 deinde
610 3154 852 3222 circumstantes
869 3156 989 3222 tribuni
1006 3156 1143 3221 militum
1160 3179 1220 3242 pro
1235 3180 1269 3222 se
1284 3151 1349 3240 quis·

311 3260 326 3308 3
344 3265 408 3328 que
424 3245 516 3330 ignes
533 3246 746 3314 coniecerunt.
777 3261 887 3317 notata
904 3261 952 3315 est
969 3250 1004 3314 iu
1019 3250 1075 3314 illo
1093 3263 1255 3317 conventu
1268 3251 1348 3316 lium·

343 3361 405 3424 pae
422 3339 601 3424 Asiaeque,
627 3342 769 3428 undique
786 3345 904 3430 partim
920 3344 961 3409 ad
978 3344 1234 3429 gratulationem,
1256 3341 1347 3431 partim

344 3430 387 3495 ad
412 3435 630 3515 spectaculum
655 3448 819 3503 contracta
838 3438 1059 3513 multitudine,
1086 3438 1182 3502 tantis
1205 3435 1347 3504 navahbut

344 3526 609 3611 terrestribusque
627 3532 818 3599 exercitibus
836 3557 875 3598 ea
892 3532 1117 3618 capistratum,
1135 3555 1175 3597 ea
1192 3534 1294 3598 vilitas
1308 3551 1347 3596 au·

309 3635 328 3683 4
345 3642 458 3697 nonae,
476 3634 512 3687 ut
529 3635 561 3689 et
577 3626 711 3711 privatis
728 3639 760 3693 et
776 3628 959 3694 civitatibus
977 3638 1008 3693 et
1025 3626 1176 3713 gentibus
1195 3628 1278 3694 dona
1293 3626 1347 3690 dns

344 3714 497 3800 pleraque
521 3718 590 3783 eius
612 3722 739 3805 generis
759 3721 825 3787 sint
847 3723 888 3788 ab
909 3724 1116 3809 imperatore,
1142 3744 1209 3787 non
1226 3723 1259 3787 in
1276 3737 1347 3787 usum

344 3807 440 3872 modo
471 3823 685 3894 praesentem,
720 3816 777 3881 sed
809 3817 906 3882 etiam
937 3817 1025 3901 quod
1050 3816 1162 3881 domos
1190 3816 1347 3883 avehercnt·
1370 3841 1372 3846 ·

310 3903 528 3986 ospactaculo
550 3904 612 3970 fuit
638 3908 667 3972 ei
694 3930 778 3992 quae
803 3923 936 3978 venerat
961 3911 1075 3976 turbae
1101 3931 1167 3976 non
1189 3910 1349 3977 scaenicum

344 3996 447 4082 magis
467 3997 640 4080 ludicrum,
666 4025 732 4068 non
752 4006 926 4071 certamina
947 4006 1111 4072 hominum
1134 4017 1193 4071 aut
1214 3999 1350 4072 curricult

345 4111 514 4174 equorum,
531 4115 629 4179 quam
646 4098 768 4183 praeda
782 4097 997 4167 Macedonica
1014 4101 1133 4178 omnis,
1150 4112 1189 4166 ut
1205 4101 1350 4168 viseretur,

344 4185 490 4269 exposita
511 4200 688 4257 statuarum
709 4193 970 4280 tabularumque,
992 4195 1150 4262 textilium
1168 4207 1201 4262 et
1221 4209 1351 4262 vasorum

345 4298 386 4342 ex
411 4300 489 4346 auro
515 4295 549 4350 et
574 4297 761 4373 argentost
786 4312 860 4356 aere
886 4301 919 4356 et
945 4290 1040 4358 ebore
1065 4291 1223 4358 factorum
1249 4277 1363 4376 ingeri.
