3359 5092
297 548 374 617 220·
460 558 682 618 PERIOCHAE
699 556 904 617 LIBRORUM
922 558 1167 617 CXVII-cxx

297 701 391 757 tonius
409 700 506 755 consul
524 715 587 755 cum
600 700 762 769 inpotenter
775 697 964 753 dominaretur
975 698 1125 770 legemque
1139 698 1176 753 de
1189 702 1318 767 permuta·

297 772 375 826 tione
387 768 593 850 provinciarum
606 785 657 838 per
670 769 726 821 vim
739 767 851 822 tulisset
859 771 888 821 et
897 766 1046 822 Caesarem
1055 783 1169 848 quoque
1177 771 1317 837 petentem,

298 845 331 893 ut
344 838 398 893 aibr
412 838 543 893 adversus
556 853 734 907 percussores
748 835 879 892 aumcuii
892 836 1016 905 adesset,
1034 853 1146 909 magma
1160 835 1266 890 iniuriis
1278 836 1317 889 ad·

298 908 413 963 fecisset
440 906 546 962 Caesar
560 911 589 961 et
601 905 655 959 sibi
668 910 697 960 et
709 905 751 960 rei
763 904 896 976 publicae
904 903 977 960 vires
986 906 1135 961 adversum
1144 922 1208 961 eum
1215 909 1316 975 paratu·

297 994 345 1031 rus
369 946 502 1031 desiuotos
524 975 554 1028 in
576 974 701 1029 colonias
722 980 869 1054 veteranos
895 974 1035 1030 excitavit.
1069 974 1198 1046 legiones
1220 987 1316 1054 quoque

299 1050 399 1116 quarta
409 1049 437 1099 et
446 1042 550 1098 Martia
559 1043 582 1097 si
624 1042 686 1098 aab
695 1044 820 1097 Antonio
830 1043 868 1097 ad
877 1041 1026 1098 Caesarem
1034 1041 1175 1112 tulerunt,
1190 1041 1316 1097 demdeet

298 1114 446 1184 conplures
459 1111 578 1168 saevitia
622 1112 757 1181 .Antoni,
792 1111 876 1166 assim
888 1111 918 1165 in
931 1112 1030 1167 castris
1039 1111 1096 1165 suis
1105 1111 1271 1166 trucidantis
1279 1109 1314 1179 qui

299 1183 325 1238 ei
335 1181 457 1252 suspecti
466 1192 555 1250 erant,
566 1180 603 1235 ad
612 1180 762 1236 Caesarem
770 1130 955 1235 iesciverunt.
978 1180 1048 1235 Dec.
1058 1180 1174 1249 Brutus,
1183 1185 1217 1233 ut
1224 1178 1315 1249 petenti

298 1250 471 1321 Cisalpinam
484 1248 609 1304 Galliam
617 1249 741 1303 Antonio
755 1248 917 1320 obsisteret,
931 1248 1070 1303 Mutinam
1080 1266 1144 1304 eum
1153 1249 1272 1304 exercitu
1280 1263 1313 1301 oc-

272 1348 275 1352 ·
299 1320 420 1391 cuparii.
442 1323 591 1390 praeterea
600 1318 753 1372 discursum
761 1318 907 1388 utriusque
916 1318 1004 1387 partis
1012 1318 1134 1373 virorum
1144 1318 1183 1372 ad
1192 1316 1313 1388 accipien-

299 1390 350 1444 das
358 1387 516 1460 provincias
527 1391 733 1457 apparatusque
742 1386 811 1441 belli
818 1386 952 1442 continet.

702 1466 811 1506 arara.
826 1466 924 1507 cxv111.

348 1526 388 1580 M.
406 1526 510 1579 Brutus
528 1524 557 1577 in
576 1521 699 1579 Graecia
716 1524 768 1578 sub
785 1529 934 1593 praetextu
951 1523 1143 1595 reipublicae
1163 1528 1192 1579 et
1209 1520 1312 1590 suscepti

299 1601 397 1651 contra
406 1593 445 1648 M.
454 1592 609 1648 Antonium
618 1592 686 1648 belli
695 1592 855 1663 exercitum,
870 1593 914 1647 cui
923 1593 957 1647 P.
966 1593 1099 1648 Vatinius
1107 1597 1251 1662 praeerat,
1264 1606 1311 1644 eun

298 1663 442 1735 provincia
455 1662 484 1716 in
497 1665 666 1732 potestatem
680 1678 759 1715 suam
767 1660 886 1732 redegit
913 1660 944 1717 C.
954 1660 1083 1733 Caesari,
1097 1661 1146 1732 qui
1154 1662 1275 1730 privatus
1281 1656 1311 1712 rei

298 1733 430 1803 publicae
445 1747 522 1785 arma
536 1734 705 1800 sumpserat,
720 1730 909 1811 propraetoris
917 1730 1069 1801 imperium
1083 1748 1100 1785 a
1113 1735 1216 1784 senatu
1234 1729 1311 1783 datum

299 1807 342 1856 est
351 1818 413 1855 cum
423 1799 615 1854 consularibus
625 1804 795 1854 ornamentis
805 1798 1007 1869 adiectumque,
1017 1804 1050 1854 ut
1058 1805 1173 1855 senator
1181 1804 1260 1854 esset.
1282 1794 1310 1849 li.
1350 1807 1351 1816 ¹

298 1869 438 1924 Antonius
451 1868 521 1923 Dec.
531 1867 650 1922 Brutum
658 1867 784 1923 Mutinae
799 1867 922 1937 obsedit,
936 1868 1069 1937 missique
1083 1868 1120 1922 ad
1130 1883 1195 1922 cum
1205 1883 1222 1920 a
1231 1868 1311 1921 senatu

298 1938 387 2010 legati
405 1937 440 1992 de
457 1953 528 2007 pace
546 1953 645 2006 parum
663 1937 700 1990 ad
718 1936 930 2006 conponendam
948 1953 1011 1992 eam
1024 1937 1183 1991 valuerunt.
1208 1933 1311 2005 populus
1350 1971 1351 1990 r

298 2007 441 2060 Romanus
451 2022 521 2085 saga
530 2005 655 2085 sumpsit.
673 2004 712 2058 M.
721 2004 959 2076 BrutusinEpiro
969 2004 1000 2061 C.
1009 2005 1164 2059 Antonium
1173 2009 1311 2076 praetorem
1349 2031 1351 2104 p

299 2092 363 2130 cum
372 2078 494 2130 exercitu
503 2077 637 2144 potestati
646 2090 713 2129 suae
723 2073 850 2129 subiecit
1348 2111 1351 2134 ,

631 2169 634 2177 ,
702 2153 925 2195 axumcxvuu.

351 2212 382 2268 C.
394 2211 551 2267 Trebonius
564 2211 594 2266 in
602 2211 673 2267 Asia
680 2212 780 2267 fraude
788 2212 822 2266 P.
832 2211 1001 2268 Dolabellae
1011 2212 1120 2267 occisus
1130 2217 1181 2268 est.
1204 2207 1310 2266 obidfa·
1347 2149 1351 2262 i

299 2282 378 2337 cinus
390 2281 544 2336 Dolabella
561 2280 649 2335 hostis
664 2298 682 2335 a
696 2287 798 2336 senatu
814 2280 954 2336 iudicatus
968 2286 1020 2336 cst.
1046 2298 1109 2335 cum
1124 2281 1220 2335 Pansa
1233 2276 1312 2334 consui
1349 2293 1351 2320 ⁴

299 2351 373 2406 male
383 2351 515 2406 adversus
524 2349 677 2405 Antonium
686 2351 899 2421 pugnasset,A.
909 2349 1018 2404 Hirtius
1028 2350 1126 2405 consul
1135 2367 1199 2404 cum
1208 2346 1311 2405 exercitu

300 2419 497 2490 superveniens
520 2419 591 2473 fusis
613 2418 651 2472 M.
674 2418 781 2472 Antoni
803 2419 891 2488 copiis
912 2418 1053 2473 fortunam
1073 2419 1219 2489 utriusque
1260 2414 1312 2470 ntis

300 2489 439 2558 aequavit.
465 2488 555 2542 victus
570 2488 671 2542 deinde
686 2487 722 2542 ab
731 2486 824 2541 Hirtio
838 2493 867 2543 et
876 2486 997 2543 Caesare
1005 2487 1148 2542 Antonius
1161 2488 1191 2541 in
1205 2435 1310 2543 CCiiam

299 2558 437 2629 confugit,
453 2562 483 2612 'et
495 2556 533 2610 M.
548 2555 687 2626 Lepidum
701 2572 764 2610 cum
777 2556 948 2629 legionibus,
966 2572 1039 2627 quae
1051 2557 1104 2611 sub
1118 2574 1154 2613 eo
1168 2562 1260 2624 erant,
1271 2552 1311 2607 sibl
1337 2535 1351 2582 ⁴

298 2627 400 2695 iunxit,
419 2625 562 2696 hostisque
581 2642 599 2680 a
616 2630 717 2680 senatu
735 2642 798 2680 cum
816 2625 945 2680 omnibus
963 2625 1012 2695 qui
1025 2626 1101 2680 intra
1112 2625 1254 2696 praesidia
1266 2622 1310 2678 eius

298 2700 392 2751 essent
404 2694 544 2748 iudicatus
554 2698 604 2748 est.
626 2694 663 2747 A.
672 2692 794 2763 Hirtius,
810 2694 859 2765 qui
866 2699 932 2764 post
939 2693 1201 2765 victoriaminipsis
1209 2692 1309 2748 hostiur
1347 2711 1351 2756 ι

297 2763 399 2817 castris
412 2762 565 2831 ceciderat,
580 2766 609 2815 et
618 2760 649 2817 C.
658 2761 754 2818 Pansa
768 2779 802 2818 ex
814 2763 944 2831 vulnere,
959 2763 1034 2834 quod
1046 2762 1077 2817 iu
1091 2762 1209 2820 adverso
1222 2757 1311 2832 proelio

299 2835 461 2900 exceperat,
481 2829 629 2884 defunctus
646 2830 676 2884 in
694 2847 794 2902 campo
812 2830 915 2886 Martio
933 2832 1037 2901 sepulti
1050 2837 1124 2886 sunt.
1152 2825 1310 2887 adversusC.

298 2899 463 2967 Caesarem,
479 2898 527 2968 qui
539 2898 615 2952 solus
625 2899 756 2955 extribus
766 2900 884 2955 ducibus
893 2904 1050 2970 supererat,
1063 2917 1166 2972 parum
1180 2905 1310 2973 gratusse

297 2972 382 3022 natus
395 2967 462 3036 fuit,
478 2966 526 3037 qui
539 2966 609 3023 Dec.
623 2967 711 3023 Bruto
725 2969 871 3024 obsidione
884 2968 1034 3024 Mutinensi
1048 2986 1066 3023 a
1075 2968 1198 3025 Caesare
1210 2969 1310 3023 liberato

298 3036 431 3107 triumphi
444 3037 548 3092 honore
562 3036 675 3092 decreto
685 3035 814 3093 Caesaris
827 3037 1002 3108 militumque
1016 3038 1076 3093 eius
1089 3039 1258 3093 mentionem
1268 3049 1310 3089 nou

299 3105 367 3161 satis
381 3110 491 3178 gratam
503 3105 611 3160 habuit.
637 3105 674 3160 ob
689 3121 761 3186 quae
771 3106 802 3162 C.
812 3105 931 3176 Caesar,
945 3106 1128 3163 reconciliata
1136 3124 1188 3178 per
1197 3104 1280 3161 otae
1295 3100 1310 3154 ἰ·

299 3176 365 3229 dum
374 3192 436 3230 cum
445 3174 483 3228 M.
492 3174 616 3229 Antonio
626 3179 728 3246 gratra,
738 3174 858 3229 Romam
866 3192 929 3229 cum
939 3175 1063 3231 exercitu
1069 3176 1187 3232 renitet
1195 3192 1260 3246 perc

299 3244 422 3299 adventu
436 3244 496 3299 eius
511 3243 563 3311 eis,
579 3244 670 3314 quiin
684 3260 747 3298 eum
760 3243 851 3315 iniqui
860 3249 953 3316 erant,
967 3261 1031 3300 cum
1040 3261 1129 3300 annos
1138 3240 1311 3301 novemdecim

298 3312 425 3383 haberet,
436 3312 534 3367 consul
543 3317 654 3368 creatus
665 3318 715 3369 est.

723 3393 764 3433 ax
772 3393 828 3434 sm.
839 3392 904 3435 cxx.

351 3448 382 3504 C.
392 3447 497 3504 Caesar
506 3449 704 3522 consullegem
712 3450 778 3504 tulit
787 3450 823 3505 de
833 3450 997 3525 quaestione
1005 3450 1237 3509 habendaineos
1255 3464 1311 3574 guo

244 3545 247 3550 ·
298 3515 872 3589 rumoperaCaesarpateroccisusesset,
887 3520 1076 3590 postulatique
1091 3520 1163 3576 eale
1184 3521 1247 3576 eM.
1277 3533 1310 3572 ru·

298 3593 353 3655 tus,
364 3584 395 3640 C.
405 3584 527 3655 Cassius,
536 3585 607 3642 Dec.
616 3587 720 3641 Brutus
729 3588 861 3643 absentes
870 3588 996 3643 damnati
1005 3593 1078 3642 sunt.
1101 3606 1167 3644 cum
1207 3583 1312 3643 ,Antoni

298 3655 371 3708 vires
385 3653 499 3707 Asinius
514 3670 567 3725 quo
588 3672 623 3711 ue
636 3655 728 3711 Pollio
743 3662 772 3711 et
783 3656 927 3712 Munatius
940 3656 1063 3711 Plancus
1081 3673 1146 3711 cum
1163 3657 1313 3714 exercitibus

299 3723 356 3776 suis
371 3722 495 3777 adiuncti
505 3672 699 3794 ampiiassent,
715 3724 784 3780 Dec.
794 3725 912 3793 Brutus,
927 3726 974 3780 cui
983 3729 1097 3780 senatus
1105 3731 1139 3806 rut
1147 3739 1313 3798 persequere

298 3798 344 3845 tur
355 3791 511 3845 Antonium
526 3794 723 3864 mandaverat,
741 3794 856 3849 relictus
870 3811 889 3849 a
900 3793 1059 3866 legionibus
1075 3811 1134 3849 suls
1148 3795 1314 3920 profugisset,
1348 3813 1351 3854 t

298 3861 375 3915 iussu
389 3860 507 3929 Antoni,
522 3862 551 3915 in
565 3863 644 3916 cuius
653 3867 823 3932 potestatem
834 3868 963 3932 venerat,
980 3862 1102 3937 (caesus)
1117 3880 1136 3918 a
1175 3881 1263 3937 apeno
1277 3861 1315 3919 Se

317 3946 391 3985 uano
409 3929 573 3985 interfectus
591 3936 641 3986 est.
669 3929 700 3986 C.
719 3930 824 3987 Caesar
839 3948 940 4004 pacem
957 3948 1021 3988 cum
1032 3931 1161 3988 Antonio
1179 3940 1208 3989 et
1221 3931 1316 4004 Lepido

297 3947 377 4069 iecit,
397 3998 438 4079 ita
450 4004 483 4052 ut
494 3999 603 4080 tresviri
616 3999 659 4055 rei
670 3999 801 4069 publicae
816 4001 1029 4056 constituendae
1040 4017 1095 4082 per
1109 4001 1317 4073 quinquennium

298 4072 392 4123 essent
400 4084 460 4138 rpse
471 4072 499 4122 et
508 4067 632 4138 Lepidus
642 4073 671 4123 et
679 4068 831 4139 Antonius,
848 4074 990 4125 etutsuos
1000 4085 1062 4140 quis
1082 4071 1316 4141 ueinimicospro

297 4136 459 4217 scriberent.
486 4135 515 4190 in
535 4153 590 4208 qua
603 4136 805 4259 proscriptione
817 4138 930 4207 plurimi
944 4138 1053 4209 equites
1111 4140 1190 4195 mani
1218 4145 1317 4195 centum

297 4211 414 4278 tngmta
424 4211 583 4261 senatorum
592 4221 705 4261 nomina
726 4211 835 4274 uerunt,
851 4211 879 4261 et
892 4206 1065 4264 intereosL.
1075 4206 1172 4279 Pauli,
1186 4180 1318 4265 irruisti

296 4273 413 4354 Lepidi,
432 4279 462 4328 et
478 4274 513 4328 L.
528 4274 670 4344 Caesaris,
688 4275 795 4329 Antoni
809 4276 940 4330 auunculi
972 4280 1001 4331 et
1013 4274 1052 4330 M.
1067 4274 1222 4333 Ciceronis.
1248 4275 1319 4333 huius

296 4342 382 4399 occisi
397 4341 549 4414 aPopillio
565 4343 726 4415 legionario
740 4343 843 4414 milite,
862 4361 925 4400 cum
942 4315 1061 4402 irabcret
1079 4361 1171 4404 annos
1184 4345 1320 4418 sexaginta
