3359 5092
442 558 560 615 mnan
577 558 1028 630 xxxxrn‚a10.[ao.1ro]
1207 544 1250 611 95

285 719 359 783 itum
384 717 420 781 in
446 739 500 783 eas
526 739 624 782 naves
651 727 727 781 sunt
751 715 903 801 inposita,
929 737 1012 799 quae
1037 715 1087 780 M.
1111 714 1249 781 Raecius

285 823 350 876 etor
376 834 417 876 ex
444 821 572 876 senatus
599 810 744 876 consulto
770 810 804 874 in
831 832 871 874 ea
897 822 987 895 parte
1013 810 1140 886 Italiae,
1167 830 1250 893 quae

285 918 349 971 eota
369 904 499 990 Illyrico
525 915 589 981 est,
616 903 803 990 conscripsit
819 939 878 980 -‚
901 914 934 968 et
959 902 1070 968 consul
1091 903 1249 967 Hostilius

285 999 369 1085 pium
387 996 561 1064 Claudium
582 998 617 1061 in
640 998 803 1083 Illyricum
826 994 932 1083 [cum]
951 1008 1100 1081 quattuor
1121 997 1249 1061 milibus

285 1093 366 1158 itum
383 1092 479 1169 misit,
497 1102 534 1155 ut
551 1092 676 1156 accolas
689 1085 810 1175 Illyrici
827 1102 992 1155 tutaretur.
1019 1090 1158 1175 quinon
1175 1112 1250 1155 con·
1269 1114 1282 1160 r

285 1198 328 1251 tus
345 1188 385 1263 is,
404 1207 485 1270 quas
503 1185 679 1250 adduxerat
697 1184 812 1269 copiis,
830 1184 950 1247 auxilia
967 1184 1008 1249 ab
1026 1184 1120 1249 sociis
1138 1204 1251 1249 conro-

285 1280 330 1345 ido
348 1282 390 1345 ad
409 1291 480 1345 octo
497 1280 586 1344 milia
603 1279 767 1343 hominum
785 1279 873 1343 vario
890 1302 1008 1365 genere
1026 1279 1162 1344 armavit
1178 1302 1250 1365 per-

284 1386 399 1458 ataque
415 1375 503 1439 omni
521 1396 560 1439 ea
576 1374 706 1459 regione
725 1373 767 1437 ad
776 1373 982 1457 Lychnidum
991 1374 1250 1439 Dassaretiorum

286 1469 375 1534 sedit.

289 1562 334 1627 X.
360 1563 462 1628 Haud
487 1563 599 1649 procul
624 1563 698 1629 inde
720 1562 853 1630 Uscana
874 1564 1027 1652 oppidum
1048 1563 1160 1628 finium
1182 1563 1282 1649 ple-1

285 1679 357 1742 rque
384 1657 497 1723 Persei
523 1669 601 1722 erat.
654 1658 767 1724 decem
792 1660 880 1725 milia
906 1660 1024 1724 civium
1053 1657 1193 1724 habebat
1219 1669 1252 1723 et

285 1752 384 1816 dicum
409 1751 571 1817 custodiae
589 1774 687 1818 eausa
704 1751 908 1819 Cretensium
928 1753 1133 1840 praesidium.
1175 1752 1249 1817 inde
1269 1771 1284 1818 a

285 1846 326 1909 nii
344 1846 386 1910 ad
405 1843 578 1910 Claudium
597 1847 714 1911 occulti
735 1848 921 1913 veniebant:
949 1847 977 1913 si
993 1846 1125 1934 propius
1143 1847 1250 1932 copias

285 1939 428 2017 novisset,
446 1951 574 2024 paratos
592 1940 660 2007 fore
678 1940 734 2025 qui
751 1942 923 2027 proderent
939 1943 1053 2007 urbem
1058 1966 1067 2019 3
1086 1954 1118 2008 et
1136 1962 1250 2027 operae

285 2034 362 2097 tium
379 2056 464 2097 esse:
488 2054 553 2098 non
571 2057 605 2099 se
623 2035 806 2120 amicosque
824 2047 963 2115 tantum,
981 2036 1038 2102 sed
1056 2036 1151 2101 etiam
1167 2034 1251 2099 mili·

289 2127 408 2213 praeda
426 2127 636 2211 expleturum.
663 2152 735 2216 spes
754 2130 920 2216 cupiditati
936 2130 1066 2196 admota
1083 2130 1128 2195 ita
1140 2151 1251 2194 occae·
1269 2146 1284 2193 3

285 2222 309 2286 it
334 2222 492 2299 animum,
519 2234 556 2287 ut
580 2245 640 2289 neo
659 2222 731 2310 [ex]
749 2228 776 2289 is
799 2225 855 2308 qui
878 2235 1031 2290 venerant
1056 2245 1249 2309 quemquam

285 2327 373 2381 neret
386 2338 447 2381 nec
460 2316 597 2402 opsides,
615 2319 732 2404 pignus
750 2318 874 2384 futuros
888 2319 976 2384 afore
994 2318 1140 2383 fraudem
1153 2340 1252 2404 agen·

285 2410 373 2487 troi,
399 2423 560 2496 posceret,
591 2435 652 2479 nec
678 2413 818 2478 mitteret
844 2414 1045 2498 exploratum
1070 2432 1130 2477 nec
1154 2411 1252 2477 fidem

285 2502 390 2589 iperet.
418 2504 469 2570 die
488 2516 612 2570 tantum
629 2517 748 2571 statuta
765 2506 928 2593 profectus
945 2505 1154 2591 aLychnido‚
1172 2505 1252 2570 duo-

285 2596 330 2661 im
351 2598 439 2662 milia
462 2598 503 2662 ab
524 2599 621 2676 urbe,
647 2600 689 2664 ad
710 2622 808 2684 quam
826 2599 991 2677 tendebat,
1013 2599 1120 2686 posuit
1138 2610 1250 2664 castra.

285 2703 340 2757 rrta
354 2693 430 2757 inde
444 2693 555 2779 vigilia
568 2694 661 2779 signa
673 2694 774 2759 movit
788 2695 875 2760 mille
888 2694 989 2759 ferme
1003 2694 1044 2759 ad
1058 2693 1252 2780 praesidium
1269 2712 1286 2758 4

285 2797 401 2852 trorum
418 2786 546 2852 relictis.
589 2788 796 2874 inconpositi,
817 2788 915 2874 longo
933 2788 1061 2875 agmine
1078 2788 1186 2867 effirsi,
1203 2787 1253 2852 in-

285 2893 423 2964 1uentes‚
450 2903 524 2946 cum
549 2894 724 2947 nocturnus
750 2905 838 2949 error
863 2883 1045 2969 dissiparet,
1072 2883 1114 2947 ad
1139 2883 1252 2947 urbem

285 2988 448 3040 venerunt.
506 2977 606 3042 crevit
641 2978 854 3063 neclegentia,
889 2989 1059 3064 postquam
1093 2976 1252 3042 neminem
1270 2995 1285 3041 5

285 3081 385 3133 ratum
406 3070 440 3133 in
462 3070 560 3134 muris
584 3070 741 3135 viderunt.
786 3082 927 3136 ceterum
953 3070 1009 3135 ubi
1031 3069 1171 3155 primum
1191 3069 1252 3134 sub

285 3163 365 3227 rteli
381 3163 526 3241 fuenmt,
550 3164 675 3229 duabus
698 3164 792 3228 simul
813 3165 914 3251 portis
932 3164 1118 3251 erumpitur.
1162 3172 1194 3228 et
1211 3162 1253 3227 ad

285 3279 399 3323 norem
412 3259 646 3343 erumpentium
654 3259 767 3346 ingens
777 3259 927 3345 strepitus
941 3282 960 3325 e
973 3258 1072 3323 muris
1085 3268 1173 3323 ortus
1182 3257 1255 3322 nlu-

285 3352 362 3416 tium
374 3352 543 3418 mulierum
557 3377 630 3419 cum
644 3354 766 3439 crepitu
780 3354 921 3438 undique
935 3353 1027 3431 aeris,
1045 3363 1077 3419 et
1093 3351 1255 3418 incondita

285 3446 397 3511 ltitudo
415 3448 511 3512 turba
528 3448 662 3513 inmixta
675 3448 781 3514 servili
794 3448 891 3514 variis
905 3448 1035 3513 vocibus
1052 3446 1253 3533 personabat.

296 3551 364 3605 tam
380 3541 547 3626 multiplex
565 3543 707 3625 undique
725 3542 868 3608 obiectus
886 3554 987 3608 terror
1003 3541 1124 3619 effecit,
1141 3564 1183 3607 ne
1201 3564 1255 3606 su·
1273 3559 1287 3605 o

285 3656 344 3700 rere
376 3636 513 3721 primam
544 3638 718 3722 procellam
745 3636 920 3721 eruptionis
946 3636 1084 3701 Romani
1114 3646 1254 3722 possent..

285 3750 334 3813 [ue
353 3728 514 3815 fugientes
531 3731 639 3816 plures
656 3750 755 3815 quam
771 3742 952 3816 pugnantes
969 3729 1150 3816 interempti
1166 3744 1255 3807 sunt3

299 3823 366 3888 duo
382 3824 471 3889 milia
487 3823 653 3889 hominum
670 3846 744 3889 cum
759 3825 830 3910 ipso
847 3825 954 3911 legato
971 3824 1005 3889 in
1022 3836 1126 3889 castra
1146 3824 1256 3910 perlu-

285 3930 354 3983 unt.
399 3940 465 4002 quo
481 3919 609 4005 longius
628 3920 689 3985 iter
705 3920 739 3984 in
757 3929 860 3985 castra
876 3930 959 3995 erat,
981 3941 1020 3985 eo
1036 3919 1137 4005 pluris
1154 3918 1255 3984 fessos
1275 3934 1288 3980 r

285 4013 434 4078 sectandi
457 4013 602 4078 hostibus
626 4014 718 4100 copia
739 4013 810 4077 fuit.
854 4035 895 4078 ne
916 4024 1057 4079 moratus
1075 4012 1205 4097 quidem
1222 4011 1290 4075 ins

285 4108 341 4174 nis
359 4107 505 4195 Appius,
532 4118 570 4173 ut
590 4130 664 4173 suos
683 4106 852 4192 dissipatos
874 4108 953 4195 fuga
970 4108 1147 4193 colligeret,
1174 4125 1257 4189 quae

296 4203 415 4289 palatis
435 4224 606 4289 peragras
625 4202 719 4268 saluti
741 4202 869 4279 fuisset,
896 4203 938 4268 ad
955 4200 1162 4287 Lychnidum
1183 4220 1259 4286 pro-

285 4321 316 4363 ιε
333 4298 485 4384 reliquias
503 4298 601 4363 cladis
618 4296 754 4362 reduxit.
