3359 5092
385 552 606 611 PERIOCHAE
625 551 828 609 LIBRORUM
845 554 980 609 L-Lll.
1131 542 1193 607 201

275 701 306 750 ut
316 701 381 768 post
390 700 497 750 sextum
507 700 536 749 et
545 694 746 766 octogesimum
756 711 859 748 anuum
868 693 956 748 filium
987 694 1103 749 enuerit.
1122 694 1196 751 inter

275 781 335 820 eros
346 766 405 819 eius
415 763 561 832 (maximus
571 770 642 818 natu
650 762 779 904 Micipsa,
795 761 928 833 Gulussa,
974 764 1132 834 astanabal,
1147 764 1195 834 qui

275 833 388 888 Sraeeis
402 833 503 887 litteris
520 833 645 888 eruditus
662 838 724 888 erat
740 872 748 901 ,
766 832 800 886 P.
815 831 911 912 Scipio
924 832 1112 902 Aemilianus,
1132 849 1194 887 cum

275 919 311 957 ne
325 902 366 957 eis
379 920 497 973 regnum
509 907 593 972 pater
605 901 764 971 reliquisset
777 906 806 957 et
820 901 943 957 dividere
958 918 1006 956 eos
1020 902 1125 957 arbitro
1135 900 1194 957 Soi-

275 971 402 1038 ussisset,
411 976 512 1093 ¹partes
527 970 740 1025 administrandi
753 968 833 1051 regni
848 969 949 1024 divisit.
976 970 1043 1025 item
1052 970 1194 1025 Phameae

275 1040 326 1109 sni,
341 1056 410 1110 prae
424 1045 486 1094 ecto
500 1040 624 1109 equitum
634 1038 922 1110 Carthagimensium,
935 1038 1070 1093 viroforti
1079 1043 1108 1094 et
1117 1039 1195 1094 ouius

275 1126 319 1163 »ua
333 1125 421 1178 opere
429 1107 518 1163 Poeni
532 1109 685 1163 utebantiu
712 1107 865 1188 persuasit,
879 1113 912 1161 ut
925 1107 963 1162 ad
976 1108 1118 1162 Romanos
1132 1124 1194 1162 cum

275 1196 292 1230 u
306 1195 357 1231 suo
371 1176 509 1231 transiret.
538 1194 570 1231 ex
584 1177 674 1231 trrbru
687 1148 863 1248 legatis,qu1
877 1176 915 1230 ad
928 1176 1106 1231 Masinissam
1117 1175 1196 1229 missi
1244 1174 1248 1183 ’

275 1246 313 1299 M.
329 1245 464 1300 Claudius
478 1244 629 1300 Marcellus
644 1251 740 1299 coorta
752 1250 920 1315 tempestate
932 1245 1065 1299 fluctibus
1079 1244 1195 1300 obrutus

276 1314 500 1385 carthaginienses
517 1314 740 1381 Hasdrubalem,
759 1313 926 1368 Masinissae
944 1320 1087 1384 nepotem,
1112 1330 1195 1383 quern

275 1401 324 1438 *em
338 1383 495 1451 habebant,
510 1383 650 1438 hominem
663 1382 830 1453 proditionis
844 1387 1004 1453 suspectum
1018 1383 1047 1436 in
1061 1381 1140 1436 curia
1153 1381 1195 1434 in·

275 1457 350 1519 runt,
369 1468 441 1521 quae
460 1451 581 1521 suspicio
599 1451 666 1507 inde
686 1451 838 1519 emanavit,
859 1451 934 1520 quod
971 1451 1102 1521 ropincus
1121 1455 1196 1505 esset

275 1537 306 1575 ae
315 1520 506 1574 Romanorum
520 1520 625 1573 auxilia
638 1520 767 1574 iuvantis.
795 1520 828 1573 P.
839 1519 935 1590 Scipio
944 1469 1118 1575 Semilianus
1131 1535 1195 1573 cum

275 1596 339 1644 item
349 1595 466 1659 peteret,
477 1589 575 1643 consul
585 1606 603 1643 a
610 1588 715 1660 populo
724 1588 825 1658 dictus,
832 1588 963 1659 quoniam
973 1604 1024 1659 per
1033 1603 1121 1642 annos
1130 1604 1195 1642 con·

275 1659 293 1711 ri
309 1675 366 1712 non
376 1658 493 1726 licebat,
509 1674 572 1711 cum
581 1673 685 1730 magno
695 1657 847 1712 certamine
857 1656 1078 1729 suffragantibus
1087 1656 1195 1727 plebeis
1264 1711 1267 1716 ,

276 1725 431 1798 guantibus
447 1726 473 1781 si
487 1726 652 1796 aliquandiu
664 1725 806 1796 patribus,
822 1725 934 1798 legibus
944 1725 1051 1779 solutus
1061 1725 1195 1779 etconsnl

277 1837 283 1848 .
313 1795 359 1847 Μ’.
375 1794 508 1848 Manilius
527 1795 635 1864 aliquot
647 1795 732 1849 urbes
745 1794 956 1865 circumpositas
970 1793 1136 1866 Carthagini
1149 1811 1194 1847 ex-

275 1865 311 1917 it.
338 1863 520 1934 Pseudophili
541 1881 593 1934 pus
611 1865 640 1917 in
653 1862 834 1932 Macedonia,
853 1879 936 1918 caeso
949 1879 1012 1917 cum
1026 1862 1148 1918 exercitu
1161 1862 1195 1916 P.
1276 1860 1280 1867 “

275 1949 291 1986 o
305 1938 450 2012 praetore,
466 1932 502 1986 ab
516 1881 550 1996 C
565 1931 689 1987 Caecilio
701 1930 790 1986 nohis
808 1938 963 2004 captusque
981 1937 1025 1987 est
1038 1939 1067 1987 et
1079 1937 1196 2003 recepta

275 2018 341 2055 ima.

607 2072 646 2111 nx
655 2070 757 2112 usal.

275 2139 361 2208 thago
375 2138 404 2191 in
418 2137 563 2192 circuitum
576 2133 650 2189 ῐιῑῐῑι
663 2155 763 2208 passus
776 2143 890 2219 patens,
909 2153 1013 2209 magno
1030 2138 1127 2193 labore
1145 2138 1194 2191 ob-

275 2214 283 2259 t
297 2224 349 2277 per
363 2212 458 2276 partes
472 2213 557 2277 capta
571 2213 626 2276 est,
640 2209 760 2277 primum
770 2207 927 2262 aMancmo
940 2208 1049 2277 legato,
1064 2206 1167 2261 deinde
1176 2224 1194 2259 a

275 2293 294 2330 e
306 2276 429 2343 consule,
441 2276 487 2329 cui
496 2280 574 2330 extra
583 2282 685 2331 sortem
694 2276 838 2347 provincia
848 2275 944 2330 Africa
954 2276 1021 2328 data
1030 2280 1099 2329 erat.
1125 2274 1192 2329 Car·

275 2360 358 2399 enses
375 2350 460 2414 portu
477 2360 561 2414 novo,
581 2345 647 2425 quia
663 2353 744 2399 vetus
763 2342 926 2415 aScipione
944 2349 1006 2398 erat
1024 2344 1190 2408 obstructus,

275 2419 285 2466 t
305 2418 451 2491 contracta
469 2413 542 2466 clam
560 2430 660 2486 exiguo
677 2419 804 2485 tempore
821 2414 918 2494 ampla
935 2413 1025 2468 classe
1044 2409 1198 2494 infeliciter

275 2480 618 2629 llillsllffilssffi
631 2482 1197 2606 sltllaltlttltltltbstill

275 2620 412 2687 lcrprone,
428 2635 476 2688 qur
489 2619 603 2674 tandem
619 2619 742 2687 [urbem]
762 2621 933 2691 expugnavit
945 2617 1193 2700 septingentesimo

275 2704 341 2741 uam
360 2691 422 2741 erat
438 2687 559 2741 condita.
595 2689 746 2758 spoliorum
764 2689 853 2742 maior
869 2705 936 2760 pars
955 2686 1069 2757 S1culis,
1093 2687 1193 2758 quibus

275 2761 367 2824 erant,
378 2755 497 2809 reddita.
524 2756 622 2810 ultimo
631 2757 709 2812 urbis
719 2757 839 2828 excidio,
850 2773 914 2811 cum
923 2774 953 2812 se
962 2756 1124 2811 Hasdrubal
1133 2755 1193 2811 Sci-

275 2823 429 2892 edidisset,
453 2840 522 2878 uxor
540 2826 598 2879 eius
633 2842 705 2908 quae
722 2826 820 2896 paucis
839 2832 905 2882 ante
923 2825 1021 2882 diebus
1039 2826 1074 2881 de
1092 2825 1192 2879 marito

275 2911 313 2948 ue
324 2909 380 2945 non
390 2897 528 2962 potuerat,
539 2899 571 2947 ut
580 2866 616 2948 ad
625 2900 758 2949 victorem
767 2894 984 2967 transfugerent,
994 2894 1023 2948 in
1032 2891 1153 2950 me'dium
1162 2911 1192 2949 se

275 2962 311 3016 tis
322 2961 399 3015 urbis
408 2962 565 3016 incendium
575 2980 639 3017 cum
648 2962 756 3017 duobus
766 2963 861 3018 liberis
871 2981 905 3019 ex
914 2981 977 3019 arce
986 2962 1192 3034 praecipitavit.

275 3031 405 3101 exemplo
419 3030 508 3099 patris
522 3031 565 3085 sui
577 3031 682 3086 Aemili
690 3031 787 3102 Pauli,
806 3033 855 3103 qui
869 3032 1062 3087 Macedoniam
1077 3032 1192 3099 vicerat,

275 3100 335 3167 ecit,
349 3098 752 3172 transfugasqueacfugitivos
761 3100 849 3156 bestie
859 3101 969 3156 obiecit.
996 3100 1066 3155 belli
1075 3099 1193 3153 Achaici

277 3167 441 3223 referuntur
449 3168 528 3237 haec,
539 3169 614 3239 quod
623 3168 711 3241 legati
720 3169 841 3224 Romani
851 3170 888 3224 ab
897 3167 1019 3223 Achaeis
1028 3167 1133 3238 pulsati
1138 3168 1194 3221 sint

275 3238 297 3305 i,
313 3236 404 3304 missi,
419 3241 451 3289 ut
461 3254 508 3290 eas
519 3237 659 3307 civitates,
675 3255 748 3309 quae
757 3239 809 3293 sub
819 3238 929 3293 dicione
940 3236 1064 3308 Philippi
1071 3236 1192 3306 fuerant,

275 3306 337 3360 aico
347 3305 466 3359 concilio
476 3313 663 3361 secernerent.

596 3386 636 3426 nx
649 3386 766 3426 umen.

275 3442 432 3510 ›Achaeis,
448 3443 538 3511 quiin
552 3443 654 3497 auxilio
663 3444 785 3498 Boeotos
795 3448 824 3497 et
833 3439 1031 3498 Chalcidenses
1040 3442 1192 3511 habebant,

275 3511 349 3564 silius
359 3510 491 3565 lletellus
505 3512 543 3566 ad
551 3512 755 3584 Thermopylas
768 3512 844 3567 bello
854 3509 989 3578 conflixit,
1003 3511 1104 3583 quibus
1112 3511 1194 3567 victis

275 3596 331 3632 mm
340 3579 481 3634 Critolaus
495 3585 611 3635 mortem
626 3581 795 3635 sibiveneno
805 3580 948 3635 conscivit.
975 3582 1004 3634 in
1013 3580 1092 3635 cuius
1101 3581 1193 3635 locum

276 3689 283 3717 ,
299 3648 420 3702 Achaici
433 3654 524 3702 motus
537 3651 642 3719 primus
652 3656 761 3719 auctor,
777 3650 813 3703 ab
821 3649 944 3705 Achaeis
953 3650 1008 3704 dux
1017 3655 1140 3719 creatus,
1156 3649 1194 3704 ud

275 3736 291 3771 u
305 3733 324 3770 a
336 3717 370 3769 L.
380 3716 514 3772 Mummio
528 3719 641 3773 consule
655 3718 744 3773 vietus
758 3723 809 3773 est.
836 3718 885 3788 qui
898 3718 972 3772 omni
981 3718 1092 3773 Achaia
1105 3718 1135 3772 in
1145 3718 1193 3773 de·

275 3804 299 3839 m
320 3791 438 3867 accepta
456 3784 608 3841 Corinthon
625 3804 660 3842 ex
677 3792 790 3842 senatus
808 3786 935 3841 consulto
953 3787 1050 3857 diruit,
1070 3787 1136 3857 quia
1153 3787 1193 3842 ibi

275 3854 393 3908 Romam
414 3855 511 3909 violati
533 3860 621 3911 erant.
656 3855 773 3910 Thebae
796 3871 906 3926 quoque
925 3862 954 3911 et
971 3856 1097 3925 Chalcis,
1120 3872 1193 3937 quae

278 3923 402 4003 fuerant,
414 3922 531 3978 dirutae.
551 3924 618 4005 ,ipse
626 3923 661 4005 ‚¹1·
671 3923 820 3977 Mummius
830 3923 1094 4005 abstinentissimum
1104 3942 1192 4004 ursum

275 3993 1193 4141 ttltttlffltzitt’tluztxtldtfflltslttrtttlt:

275 4146 306 4183 co
318 4129 512 4199 triumphavit,
526 4130 560 4184 P.
571 4129 714 4186 Coruehus
727 4129 890 4211 (Africanus
916 4131 1009 4203 Scipio
1018 4129 1194 4185 Aemilianus

275 4198 395 4269 thagine
413 4204 442 4252 et
459 4198 647 4255 Hasdrubale,
676 4198 802 4255 Viriatus
819 4199 850 4253 in
898 4201 1006 4272 'pania
1022 4199 1142 4270 primum
1160 4215 1194 4254 ex

275 4285 279 4320 ι
294 4271 424 4333 venator,
439 4284 473 4321 ex
485 4273 617 4323 venatore
626 4267 711 4337 latro,
724 4268 862 4323 moxiusti
891 4287 981 4340 uoqus
991 4268 1128 4324 exercitus
1138 4268 1194 4322 dux

291 4340 381 4387 totam
394 4334 568 4391 Lusitaniam
581 4336 740 4409 occupavit,
758 4336 797 4392 M.
811 4337 879 4395 Veti
891 4339 946 4391 ‘um
958 4343 1117 4408 praetorem
1130 4337 1195 4394 fuso
