3359 5092
535 527 844 598 amnaxxxxm
861 528 926 584 aa.
946 526 1099 600 [acuo]
1288 519 1329 584 91

316 710 387 754 anno
404 687 521 762 fuerat,
539 695 608 751 tum
625 685 770 750 tribunus
787 684 924 750 militum
940 686 974 751 in
986 685 1180 752 Macedonia
1197 710 1270 753 cum
1286 689 1329 753 A.

317 782 444 848 hostilio
462 791 541 856 erat,
559 779 719 864 querellae
737 780 779 844 ad
796 789 942 844 senatum
957 780 1081 845 delatae
1097 791 1216 847 suntet
1232 782 1329 869 legati

316 877 388 963 regis
406 873 577 941 Gallorum
596 870 746 939 Cincibili
763 885 929 938 venerunt
973 873 1071 939 frater
1089 874 1157 940 eius
1179 876 1279 941 verba
1295 876 1329 941 in
1347 897 1363 944 2

315 981 416 1036 senatu
433 968 520 1043 fecit,
538 978 668 1052 questus
689 967 880 1052 Alpinorum
897 968 1092 1053 populorum
1114 991 1208 1055 agros
1226 970 1327 1036 socio-

315 1089 374 1130 mm
391 1085 524 1130 suonam
542 1062 771 1148 depopulatum
781 1058 821 1127 O.
832 1058 981 1127 Cassium
1000 1085 1069 1129 esse
1087 1074 1119 1129 et
1136 1064 1210 1129 inde
1227 1066 1329 1129 multa

313 1160 390 1225 milia
405 1157 572 1223 hominum
590 1157 624 1222 in
642 1157 826 1221 servitutem
843 1156 1030 1242 abripuisse.
1066 1157 1127 1223 sub
1145 1158 1231 1223 idem
1248 1169 1329 1224 tem·
1347 1180 1362 1227 3

313 1276 364 1340 pus
373 1250 555 1318 Carnorum
568 1250 817 1334 Histrorumque
831 1262 862 1315 et
875 1250 1035 1336 Iapydum
1049 1251 1147 1338 legati
1160 1264 1328 1318 venerunt:

314 1347 400 1412 duces
423 1346 486 1412 sibi
503 1346 546 1409 ab
563 1344 693 1410 consule
711 1341 825 1408 Cassio
848 1343 988 1429 primum
1009 1345 1195 1431 imperatos,
1222 1348 1279 1431 qui
1294 1347 1327 1412 in

312 1440 529 1507 Macedoniam
539 1438 667 1504 ducenti
677 1438 850 1503 exercitum
863 1439 924 1503 iter
935 1450 1146 1506 monstrarent
1151 1465 1160 1519 3
1179 1452 1328 1527 pacatum
1346 1462 1363 1509 4

312 1536 346 1600 ab
362 1558 396 1600 se
413 1546 579 1617 tamquam
597 1534 639 1598 ad
657 1534 745 1598 aliud
762 1532 882 1598 bellum
899 1534 1077 1619 gerendum
1094 1535 1208 1600 abisse.
1253 1536 1327 1601 inde

312 1652 346 1694 ex
367 1627 474 1694 medio
500 1649 681 1712 regressum
712 1626 825 1692 itinere
851 1626 1006 1693 hostiliter
1036 1650 1223 1714 peragrasse
1248 1630 1327 1695 fines

311 1746 387 1802 auos,
405 1722 519 1789 caedes
537 1723 656 1808 passim
673 1721 865 1808 rapinasque
882 1733 915 1787 ct
931 1722 1077 1788 incendia
1096 1721 1198 1800 facta3
1215 1746 1276 1789 nec
1294 1746 1328 1789 se
1439 1747 1447 1766 ·

311 1817 398 1884 adid
418 1818 563 1883 locorum
584 1816 679 1892 scire,
705 1826 834 1901 propter
856 1836 953 1900 quam
976 1838 1106 1883 causam
1124 1817 1247 1883 consuli
1268 1840 1327 1904 pro

310 1911 445 1977 hostibus
463 1910 592 1976 fuerint.
620 1920 652 1975 ct
669 1910 780 1996 regulo
791 1907 960 1975 Gallorum
975 1909 1099 1975 absenti
1113 1911 1207 1976 ethis
1224 1933 1327 1998 popu·
1345 1931 1360 1978 5

309 2005 538 2091 lisresponsum
547 2015 605 2082 est,
620 2015 765 2069 senatum
775 2026 822 2081 ca,
839 2025 921 2088 quae
931 2003 1017 2069 facta
1026 2015 1210 2088 querantur,
1223 2027 1327 2091 neque

310 2100 399 2166 scisse
422 2099 532 2164 futura
552 2120 673 2183 neque,
700 2097 807 2162 sirint
827 2097 929 2176 facta,
956 2098 1106 2184 probare,
1133 2099 1191 2165 sed
1207 2099 1326 2165 indicta

309 2215 399 2260 causa
412 2193 557 2258 damnari
570 2193 735 2258 absentem
748 2193 947 2258 consularem
959 2193 1065 2258 virum
1080 2193 1232 2259 iniurium
1245 2216 1325 2272 esse,

309 2289 411 2354 cumis
424 2286 632 2373 reipublicae
647 2309 744 2352 causa
752 2286 849 2351 absit:
867 2287 924 2351 ubi
938 2309 978 2352 ex
986 2286 1179 2353 Macedonia
1192 2287 1326 2353 redisset
1344 2308 1359 2355 6

309 2379 344 2448 C.
361 2381 508 2459 Cassius,
527 2393 610 2459 tum,
628 2381 656 2446 si
674 2403 781 2446 coram
798 2403 873 2447 eum
891 2404 1026 2467 arguere
1043 2382 1176 2459 vellent,
1199 2383 1327 2468 cognita

307 2499 338 2543 re
351 2489 497 2542 senatum
514 2476 663 2540 daturum
677 2497 817 2561 operam,
835 2476 883 2540 uti
900 2476 1042 2540 satisfiat.
1069 2497 1129 2541 nec
1140 2476 1326 2562 responderi
1345 2497 1359 2542 t

309 2582 426 2636 tantum
444 2571 484 2635 iis
501 2570 664 2656 gentibus,
687 2570 743 2635 sed
760 2571 884 2655 legatos
901 2569 998 2647 mitti,
1021 2569 1102 2635 duos
1120 2571 1162 2635 ad
1178 2571 1326 2657 regulum

308 2666 502 2751 transAlpis,
519 2675 583 2729 tres
601 2664 685 2729 circa
697 2685 752 2729 eos
769 2664 905 2750 populos
920 2664 1049 2749 placuit,
1068 2664 1124 2747 qui
1140 2663 1326 2742 indicarent,

307 2781 383 2845 quae
410 2771 539 2846 patrum
561 2759 718 2824 sententia
744 2770 836 2825 esset.
889 2781 1023 2824 munera
1044 2759 1127 2823 mitti
1148 2759 1262 2845 legatis
1285 2777 1359 2827 ext

304 2853 384 2920 binis
402 2854 531 2919 milibus
554 2854 635 2919 aeris
657 2864 863 2919 censuerunt:
888 2853 1013 2918 duobus
1037 2852 1189 2919 fratribus
1206 2855 1325 2940 regulis

303 2948 378 3016 haec
395 2949 579 3036 praecipua,
598 2959 727 3033 torques
746 2949 810 3014 duo
827 2971 868 3015 ex
880 2947 1021 3033 quinque
1038 2948 1145 3034 pondo
1163 2949 1233 3013 auri
1249 2948 1325 3015 facti

304 3055 333 3111 et
348 3068 427 3110 vasa
449 3053 601 3128 argentea
622 3043 763 3128 quinque
787 3066 828 3109 ex
849 3043 962 3129 viginti
983 3043 1091 3129 pondo
1114 3053 1146 3107 ct
1167 3043 1230 3108 duo
1253 3043 1324 3126 equi

302 3138 455 3226 phalerati
477 3160 550 3203 cum
572 3137 765 3224 agasonibus
788 3149 820 3204 et
846 3137 1005 3222 equestria
1030 3160 1119 3202 arma
1140 3158 1178 3202 ac
1203 3138 1325 3222 sagula,

302 3247 332 3300 et
352 3232 523 3300 comitibus
545 3254 656 3307 eorum
680 3232 871 3298 vestimenta
896 3232 1004 3297 liberis
1030 3230 1202 3314 servisque.
1246 3230 1358 3296 haece

301 3328 426 3405 missas
441 3326 497 3392 illa
522 3326 705 3412 petentibus
732 3326 824 3404 data,
856 3337 893 3390 ut
921 3326 1076 3390 denorum
1102 3345 1256 3408 equorum
1286 3325 1325 3391 iis

301 3421 525 3488 commercium
547 3432 631 3488 essct
652 3421 873 3505 educendique
890 3444 931 3486 ex
947 3418 1042 3484 Italia
1063 3429 1203 3504 potestas
1224 3420 1324 3486 fieret.

299 3516 395 3603 legati
414 3539 489 3582 cum
505 3514 609 3581 Gallis
626 3515 715 3581 missi
732 3526 819 3581 trans
836 3516 931 3601 Alpis
947 3510 986 3579 C.
996 3513 1138 3590 Laelius,
1155 3512 1204 3578 M.
1213 3513 1325 3579 Aemi·
1345 3532 1377 3581 10

299 3610 358 3676 lius
375 3609 541 3696 Lepidus,
565 3609 606 3674 ad
627 3621 748 3675 ceteros
772 3610 908 3696 populos
927 3606 989 3673 Gn.
1009 3604 1164 3685 Sicinius,
1185 3606 1225 3673 P.
1244 3606 1325 3673 Cor·

299 3706 400 3772 nelina
417 3705 539 3780 Blasio,
557 3704 597 3768 Τ.
616 3703 800 3770 Memmius.

359 3799 423 3867 VI.
451 3798 630 3865 Multarum
655 3799 749 3863 simul
778 3796 936 3864 Graeciae
959 3796 1122 3881 Asiaeque
1149 3797 1324 3864 civitatium
1344 3818 1356 3864 1

297 3894 393 3982 legati
402 3893 543 3960 Romam
557 3904 782 3959 convenerunt.
810 3892 906 3978 primi
915 3891 1128 3958 Athenienses
1141 3892 1322 3958 introducti.
1342 3912 1357 3959 2

296 3988 370 4056 iise
387 3988 479 4074 quod
495 3989 626 4053 navium
643 3987 813 4053 habuerint
828 3986 1029 4071 militumque
1047 3986 1086 4055 P.
1104 3986 1230 4053 Licinio
1248 4009 1325 4052 con·

298 4086 357 4150 suli
375 4096 409 4151 et
427 4081 468 4148 G.
486 4083 638 4148 Lucretio
658 4083 796 4168 praetori
811 4081 937 4147 misisse
954 4093 1184 4168 exposuerunt,
1207 4081 1324 4165 quibus

297 4202 351 4244 eos
367 4199 435 4243 non
448 4198 524 4241 usos
538 4176 689 4241 frumenti
703 4175 764 4242 sibi
777 4188 906 4242 centum
923 4176 1010 4242 milia
1027 4175 1212 4261 imperasse,
1225 4179 1322 4260 quod,
1341 4201 1356 4249 a

297 4294 495 4358 quamquam
504 4270 642 4339 sterilem
656 4282 772 4338 terram
782 4282 907 4338 ararem
920 4271 1070 4358 ipsosque
1084 4270 1180 4335 ctiam
1189 4273 1323 4359 agrestis
