3359 5092
351 539 396 606 46
557 547 1174 620 umnaxxxxn,aaaa[2...usaar1

316 733 333 780 ι
352 710 471 776 bellum
479 732 613 820 gerere·
646 708 776 775 setiam
794 708 879 772 ultra
896 706 1078 793 superbiam
1095 705 1372 817 crudelitatemque

350 823 384 873 et
400 805 567 870 avaritiam
584 804 654 870 eius
671 825 736 868 non
750 803 818 890 pati
834 824 929 887 posse
939 798 1233 912 Carthaginienses.
1269 799 1370 866 missos

351 922 421 966 sese
438 899 494 983 qui
511 909 639 965 orarent
662 909 824 975 senatum,
850 908 887 962 ut
908 897 1006 961 trium
1027 895 1141 960 harum
1157 916 1266 960 rerum
1282 917 1369 960 uuam

317 1019 333 1064 a
351 995 393 1060 ab
411 1018 445 1061 se
462 995 625 1081 impetrari
643 994 797 1061 sinerent:
824 1005 861 1058 ut
878 994 930 1059 vel
948 1016 989 1058 ex
1013 1012 1116 1076 aequo
1137 987 1237 1077 in[ter
1254 985 1368 1077 regem]

351 1089 473 1154 socium
494 1090 729 1175 populumque,
756 1087 835 1173 quid
857 1087 1013 1172 cuiusque
1034 1096 1131 1163 esset,
1153 1085 1368 1171 disceptarent

352 1184 404 1249 vel
426 1184 645 1270 permitterent
668 1180 1005 1269 Carthaginiensibus,
1032 1191 1069 1247 ut
1090 1180 1244 1246 adversus
1265 1180 1368 1244 iniusta

351 1301 441 1343 arma
457 1279 511 1364 pio
527 1279 676 1362 iustoque
694 1300 730 1344 se
747 1289 927 1343 tutarentur
943 1276 1044 1354 bello;
1066 1275 1117 1341 vel
1135 1275 1177 1339 ad
1194 1285 1365 1348 extremum,
1405 1291 1411 1332 t

351 1371 378 1436 si
401 1373 506 1458 gratia
526 1373 599 1458 plus
622 1393 722 1455 quam
737 1373 855 1439 veritas
874 1382 952 1459 aput
968 1393 1023 1437 eos
1040 1370 1174 1446 valeret,
1198 1369 1297 1435 semel
1317 1379 1366 1433 sta·
1404 1419 1407 1445 2

318 1488 332 1534 ι
351 1477 487 1544 ιιιειειιι,
505 1465 585 1550 quid
602 1466 757 1533 donatum
774 1488 816 1532 ex
834 1466 938 1532 alieno
947 1464 1140 1530 Masinissae
1157 1464 1288 1530 vellent.
1310 1481 1364 1527 mo

351 1559 472 1625 destius
499 1573 585 1626 certa
611 1559 742 1627 daturos
764 1583 829 1627 eos.
874 1572 907 1625 et
927 1560 1077 1637 scituros,
1103 1557 1182 1643 quid
1205 1556 1364 1632 dedissent

351 1655 459 1740 ipsum
474 1655 596 1720 nullam
613 1667 837 1742 praeterquam
856 1678 933 1722 suae
949 1655 1090 1721 libidinis
1104 1654 1235 1719 arbitrio
1254 1647 1364 1741 [finem]
1399 1669 1409 1678 “

318 1748 522 1818 sfacturum.
565 1750 680 1815 horum
702 1750 730 1816 si
750 1750 830 1815 nihil
851 1750 1058 1836 impetrarent
1080 1758 1112 1814 st
1134 1747 1264 1831 aliquod
1288 1767 1365 1812 suun

351 1854 425 1930 post
442 1845 550 1909 datam
568 1868 588 1909 a
603 1844 645 1910 P.
663 1843 814 1931 Scipione
831 1867 945 1931 pacem
963 1843 1114 1909 delictum
1131 1852 1229 1919 esset,
1248 1841 1308 1928 ipsi
1322 1859 1367 1927 po·
1401 1867 1411 1892 =

320 1957 334 2005 9
354 1939 417 2003 tius
435 1939 723 2005 animadverterent
740 1939 774 2003 in
793 1960 836 2005 se.
873 1950 975 2003 tutam
993 1936 1179 2002 servitutem
1196 1958 1232 2002 se
1251 1935 1310 2001 sub
1323 1934 1369 2000 do·
1402 1947 1409 1954 '

354 2032 448 2097 minis
471 2033 625 2099 Romanis
652 2056 749 2119 quam
774 2034 955 2099 libertatem
982 2032 1158 2119 expositam
1184 2030 1227 2095 ad
1253 2029 1370 2101 iniuria

305 2146 337 2194 10
354 2125 546 2193 Masinissae
563 2128 673 2206 malle3
695 2129 800 2214 perire
817 2127 955 2211 denique
973 2127 1071 2193 semel
1088 2125 1165 2212 ipsis
1183 2125 1286 2191 satius
1302 2145 1371 2201 esse.

353 2242 450 2305 quam
468 2222 529 2286 sub
546 2222 752 2288 acerbissimo
770 2221 927 2289 carnificis
945 2221 1076 2286 arbitrio
1094 2219 1243 2305 spiritum
1257 2220 1372 2285 ducere.

353 2314 414 2379 suh
430 2314 511 2381 haec
529 2315 613 2381 dicta
635 2316 828 2382 lacrimantis
851 2315 1092 2402 procubuerunt
1113 2314 1268 2398 stratique
1284 2311 1373 2388 humi,

352 2430 417 2473 non
436 2409 497 2474 sibi
515 2411 617 2497 magis
634 2410 883 2477 misericordiam
898 2432 995 2495 quam
1011 2410 1080 2495 regi
1094 2407 1266 2496 [invidiam
1280 2407 1375 2474 conei-

353 2501 486 2589 tarunt].

322 2621 334 2667 1
417 2598 573 2665 XXIIII.
600 2599 796 2686 Interrogari
813 2597 990 2666 Gulussam
1011 2597 1145 2684 placuit,
1172 2598 1252 2682 quid
1270 2596 1374 2664 adeas

354 2689 436 2777 [res]
456 2694 676 2779 responderet,
696 2705 767 2772 aut,
785 2694 813 2758 si
828 2695 918 2779 prius
936 2693 1055 2770 mallet,
1073 2712 1271 2777 expromere,
1289 2711 1375 2778 super

321 2808 335 2856 2
354 2807 418 2867 qua
435 2808 471 2850 re
488 2786 627 2851 Romam
644 2789 793 2854 venisset.
839 2786 984 2854 Gulussa
1000 2808 1106 2871 neque
1124 2786 1184 2851 sibi
1201 2785 1296 2853 facile
1314 2807 1375 2852 essa

354 2877 434 2942 dixit
451 2878 492 2943 de
508 2883 536 2943 is
553 2880 648 2945 rebus
667 2904 776 2968 agere,
800 2883 840 2950 de
864 2882 981 2967 quibus
998 2880 1078 2948 nihil
1095 2879 1239 2945 mandati
1256 2903 1277 2947 a
1293 2891 1375 2968 patre

354 2971 500 3051 haberet,
518 2996 622 3059 neque
639 2976 722 3061 patri
739 2977 833 3043 facile
851 2977 950 3041 fuisse
968 2974 1135 3051 mandare,
1153 2995 1227 3039 cum
1247 2972 1375 3041 Cartha·

354 3066 514 3152 ginienses
532 3092 592 3136 nec
610 3070 650 3137 da
672 3093 737 3155 qua
758 3094 793 3136 re
810 3072 913 3136 acturi
931 3082 1037 3136 esseut
1059 3091 1119 3135 nee
1136 3068 1266 3134 omnino
1283 3070 1373 3134 ituros

321 3184 336 3232 a
355 3185 389 3227 se
407 3163 544 3229 Romam
561 3165 785 3232 indicaverint:
804 3167 838 3232 iu
856 3166 936 3233 aede
954 3165 1130 3251 Aesculapi
1147 3163 1371 3230 clandestinum

354 3279 409 3323 eos
422 3281 479 3343 per
493 3260 613 3344 aliquot
625 3272 700 3326 uoet
700 3284 734 3327 es
687 3261 911 3327 toousilium
924 3260 1104 3347 principum
1118 3258 1281 3338 habuisse,
1297 3257 1373 3324 unde

355 3348 418 3435 [...
429 3349 454 3435 .]
478 3365 643 3438 praetcrea
667 3356 790 3441 legatos
817 3356 950 3421 occultis
972 3377 1046 3420 cum
1067 3352 1226 3418 mandatis
1244 3353 1371 3420 Roman

320 3444 447 3513 4m1ttr
491 3468 563 3511 eam
580 3470 711 3515 causam
727 3449 900 3517 fuisset
844 3462 900 3537 pat
900 3451 928 3515 ri
944 3461 1002 3514 mrt
979 3448 1089 3516 tteudi
1107 3470 1141 3513 se
1160 3448 1309 3526 Romam,
1325 3445 1371 3557 qui

355 3537 579 3623 deprecaretur
596 3555 757 3623 senatum,
774 3570 815 3613 ne
833 3547 912 3632 quid
929 3544 1178 3612 communibus
1168 3545 1306 3613 mimicis
1321 3542 1371 3609 eu'·

354 3632 550 3701 minantibus
573 3659 608 3702 se
626 3640 806 3719 crederent,
826 3662 922 3725 quem
940 3640 981 3705 ob
999 3640 1121 3705 nullam
1138 3639 1235 3705 aliam
1253 3656 1371 3705 oausam

355 3725 417 3883 nqsi
438 3740 532 3813 propt
532 3752 567 3794 er
588 3744 786 3799 constantem
808 3734 905 3799 fidem
927 3756 1005 3820 erga
1025 3734 1180 3820 populum
1199 3733 1370 3799 Romanum

356 3840 376 3882 0
398 3835 506 3886 issent.

321 3937 338 3986 ι
420 3914 483 3980 His
503 3916 662 4003 utrimque
680 3922 795 3989 auditis
813 3935 943 3989 senatus
962 3924 1002 3988 de
1023 3923 1191 4009 postulatis
1211 3919 1370 4007 Carthagi·

322 4008 513 4083 aniensium
535 4017 659 4080 consult
646 4027 697 4082 tus
719 4019 936 4105 respondere
927 4031 973 4084 1ta
993 4019 1100 4095 iussit,
1119 4017 1297 4085 Gulussam
1314 4017 1371 4105 plr-

357 4123 428 4169 cere
442 4109 624 4193 extemplo
614 4134 647 4174 m
655 4111 841 4178 Numidiam
854 4113 1012 4199 proficisci
1026 4124 1057 4180 et
1074 4113 1222 4179 nuntiare
1234 4114 1328 4198 patri,
1343 4121 1371 4175 ut

1406 2379 1411 2412 l

357 4194 434 4261 de”
413 4221 452 4263 us
470 4200 510 4266 de
527 4202 643 4287 quibus
658 4203 938 4316 Carthaginienses
956 4218 1131 4292 querantur
1146 4205 1270 4292 legatos
1285 4223 1372 4290 quau

354 4289 696 4374 primumadsenatum
704 4297 1373 4386 mittatdenuntietqueCarthaginiensibus,

228 4401 419 4545 Η
