3359 5092
346 517 410 586 176
551 528 671 584 amna
687 525 840 598 xxxxv,
859 525 902 582 aa.
916 525 960 582 m.
980 523 1166 596 [sacrat]

348 687 547 765 Taulantios,
564 685 826 752 Dassaretiorum
844 683 1001 761 Pirustas,
1018 683 1218 761 Rhizonitas,
1239 681 1301 748 Olc

347 795 412 861 tas,
447 782 535 866 quod
565 780 718 846 incolumi
751 778 871 846 Gentio
906 778 949 843 ad
979 779 1143 845 Romanos
1180 778 1300 844 defesis

296 886 331 933 14
347 876 501 943 Daorseis
519 897 648 962 quoque
671 875 906 940 immunitatem
924 874 1015 952 dare,
1038 874 1126 959 quod
1150 873 1262 939 relicto
1281 871 1301 938 ί

346 971 455 1037 vantio
473 993 546 1036 cum
563 970 660 1036 armis
678 970 720 1035 ad
737 969 901 1034 Romanos
918 968 1116 1034 transissent.
1145 966 1301 1036 Scodrens

348 1076 380 1132 st
391 1065 647 1131 Dassarensibus
666 1074 698 1129 et
712 1061 906 1151 Selepitanis
925 1064 1102 1147 ceterisque
1117 1060 1225 1149 Dlyrls
1244 1086 1300 1128 vec

298 1176 328 1222 15
348 1160 516 1225 dimidium
532 1157 734 1246 [inpositum]
751 1158 831 1235 eius,
849 1158 938 1241 quod
954 1157 1023 1244 regi
1039 1158 1278 1245 pependissent.

346 1256 381 1320 in
404 1265 469 1320 tres
490 1264 598 1339 partes
621 1254 786 1339 Illyricum
813 1252 932 1318 divisit.
980 1276 1077 1317 unam
1100 1275 1174 1318 eam
1199 1252 1301 1317 fecit«

348 1371 446 1434 supra
464 1349 551 1414 dicta
568 1359 630 1426 est,
655 1348 788 1414 alteram
805 1346 970 1412 Labeatas
988 1347 1106 1426 omnis,
1129 1347 1255 1412 tertiam
1273 1346 1301 1409 A

348 1445 473 1509 vonitas
501 1455 533 1509 et
558 1443 746 1509 Rhizonitas
773 1454 806 1508 et
832 1440 1011 1508 Olciniatas
1043 1443 1234 1527 accolasque
1260 1463 1301 1506 eor

347 1538 409 1606 hac
435 1539 574 1604 formula
604 1538 690 1604 dicta
715 1538 860 1625 Illyrica,
892 1539 962 1626 ipse
988 1537 1080 1624 Epiri
1106 1537 1301 1602 Passaronen

349 1634 484 1699 hiberna
501 1631 603 1698 rediit.

315 1744 327 1791 1
412 1725 566 1795 XXVII.
593 1726 685 1792 Dum
702 1727 782 1793 haec
799 1728 972 1812 inIllyrieo
985 1738 1152 1813 geruntur,
1169 1727 1290 1792 Paulus

348 1823 522 1890 adventum
540 1823 650 1888 decem
666 1824 847 1909 legatorum
866 1821 908 1904 Q.
927 1823 1109 1888 Maximum
1126 1823 1239 1899 filium,
1257 1823 1301 1885 ian

348 1919 453 1985 Roma
476 1940 672 2003 regressum,
700 1918 741 1982 ad
763 1917 940 2003 Aeginium
964 1928 995 1982 et
1012 1918 1159 2003 Agassas
1186 1916 1301 2002 diripier

313 2030 328 2076 a
348 2013 458 2078 mittit:
485 2013 647 2098 Agassas,
675 2013 762 2096 quod
785 2035 859 2077 eum
881 2012 1007 2077 Marcio
1030 2012 1154 2078 consuli
1176 2011 1301 2077 tradidis

349 2108 462 2174 urbem
483 2108 583 2192 petita
605 2109 688 2172 ultro
711 2107 863 2173 societate
880 2106 1042 2186 Romana,
1069 2107 1254 2173 defecerant
1270 2129 1301 2170 ro

319 2203 392 2269 aad
407 2201 543 2282 Persea3
565 2202 812 2288 Aeginiensium
832 2224 953 2268 novum
972 2203 1092 2268 crimen
1110 2215 1192 2268 erat:
1216 2203 1301 2268 fama

349 2298 482 2365 victoria
508 2297 727 2363 Romanorum
752 2298 851 2362 fidem
875 2321 942 2362 non
967 2297 1138 2376 habentes,
1164 2299 1198 2362 in
1225 2319 1300 2381 quos

311 2410 328 2456 4
349 2393 487 2460 militum
509 2393 621 2458 urbem
644 2393 805 2478 ingressos
833 2392 990 2458 hostiliter
1015 2394 1206 2459 saevierant.
1252 2392 1290 2458 ad

349 2489 475 2554 nicrum
493 2509 621 2573 quoque
643 2487 756 2552 urbem
774 2486 985 2574 diripiendam
1002 2488 1043 2551 L.
1061 2488 1267 2554 Postumium
1283 2511 1301 2551 n

349 2584 437 2668 quod
450 2582 643 2669 pertinacius
653 2603 751 2665 quam
760 2582 925 2648 finitumae
935 2583 1078 2649 civitates
1087 2583 1122 2647 in
1132 2583 1229 2648 armis
1243 2583 1301 2647 fuer

318 2695 332 2741 a
351 2677 496 2742 autumni
517 2676 585 2741 fere
608 2686 734 2762 tempus
757 2687 840 2754 erat,
864 2676 955 2742 cuius
977 2678 1128 2763 temporis
1149 2677 1240 2742 initio
1258 2676 1295 2741 ad

351 2771 564 2838 cumeundam
579 2768 749 2836 Graeciam
767 2771 964 2856 visendaque
979 2770 1093 2858 [quae]
1108 2769 1301 2837 nobilitarat

350 2866 471 2931 maiora
493 2865 624 2930 auribus
646 2878 778 2952 accepta
801 2879 876 2932 sunt
897 2888 995 2950 quam
1014 2867 1113 2932 oeulis
1136 2880 1301 2932 noscuntur

317 2977 331 3025 6
351 2960 470 3026 statuit.
519 2960 700 3046 praeposite
729 2961 839 3026 castris
863 2958 901 3026 C.
926 2959 1069 3047 Sulpicio
1094 2960 1192 3028 Gallo
1218 2960 1301 3048 profe

351 3080 425 3123 cum
450 3056 530 3121 haut
555 3077 673 3141 magno
701 3057 869 3133 comitatu,
896 3057 1078 3143 tegentibus
1105 3058 1208 3123 latera
1231 3057 1300 3142 Soip

349 3152 415 3219 filio
438 3161 470 3218 et
487 3150 658 3216 Athenaeo
682 3150 837 3216 Eumenis
864 3151 949 3236 regis
976 3152 1073 3217 fratre
1101 3176 1159 3238 per
1180 3151 1301 3218 Thessd

314 3264 330 3313 7
349 3246 495 3332 Delphos
513 3246 607 3332 petit,
625 3245 781 3331 inclytum
798 3247 963 3311 oraculum
969 3270 978 3323 3
997 3246 1053 3310 ubi
1071 3247 1227 3312 sacrificio
1237 3248 1301 3332 Apo

350 3342 436 3407 facto
454 3340 617 3406 inchoatas
639 3340 674 3405 in
691 3341 850 3406 vestibulo
868 3341 1049 3419 columnas,
1072 3342 1190 3425 quibus
1214 3338 1301 3427 inpos=

351 3446 472 3501 statuas
488 3436 574 3521 regis
587 3435 699 3502 Persei
715 3435 852 3513 fuerant,
871 3436 937 3501 suis
955 3436 1067 3500 statuis
1082 3436 1184 3501 victor
1202 3436 1301 3501 destin

317 3546 332 3593 8
352 3529 517 3595 Lebadiae
535 3550 663 3614 quoque
680 3533 834 3617 templum
848 3530 936 3595 Iovis
949 3529 1127 3615 Trophonii
1145 3532 1213 3596 adit
1218 3557 1227 3609 ;
1244 3530 1301 3596 ibi·

352 3625 485 3690 vidisset
502 3646 537 3689 os
555 3647 685 3711 specus,
709 3645 767 3711 per
790 3624 877 3709 quod
895 3626 1023 3690 oraculo
1041 3638 1168 3692 utentes
1187 3626 1301 3691 sciscita

352 3719 429 3785 deos
443 3718 650 3798 descendunt,
669 3721 823 3786 sacrificio
833 3719 905 3785 Iovi
913 3720 1173 3805 Hercynnaeque
1185 3721 1279 3796 facto,
1293 3737 1301 3798 t

351 3837 423 3878 rum
439 3813 485 3877 ibi
508 3814 662 3899 templum
681 3827 743 3894 est,
763 3812 950 3880 Chalcidem
969 3814 1010 3879 ad
1028 3816 1247 3901 spectaculum
1263 3813 1301 3878 Eu

349 3906 568 3992 Euboeaeque
600 3919 708 3975 tantae
737 3909 877 3987 insulae,
908 3921 1005 3995 ponte
1038 3910 1213 3975 continenti
1242 3910 1301 3974 ium

316 4003 525 4071 odescendit.
574 4027 594 4069 a
621 4002 776 4070 Chalcide
802 4004 956 4071 Aulidem
982 4004 1102 4083 traicit,
1133 4006 1230 4070 trium
1255 4001 1301 4068 mil

351 4100 454 4187 spatio
487 4099 674 4175 distantem,
708 4111 835 4185 portum
867 4098 1023 4185 inclytum
1054 4101 1191 4166 statione
1217 4119 1301 4182 quom

350 4193 595 4262 millenarium
621 4193 899 4278 Agamemnoniae
926 4194 1051 4272 classis,
1078 4194 1268 4277 Dianaeque
1294 4201 1301 4253 t

351 4288 454 4373 plum,
480 4288 537 4353 ubi
558 4285 695 4354 navibus
717 4310 846 4354 cursum
869 4288 911 4354 ad
927 4288 1059 4355 Troiam
1081 4289 1148 4355 filia
1170 4289 1293 4355 victima
