3359 5092
440 523 483 592 98
637 535 756 592 mnan
771 533 947 603 xxxam,
966 534 1008 587 13.
1024 533 1065 588 u.
1086 531 1269 602 [araca]

407 715 423 763 a
442 693 595 780 Anagnia
616 692 680 756 duc
702 689 849 776 prodigia
871 711 910 754 eo
933 710 1016 754 anno
1035 700 1110 753 sunt
1130 689 1289 766 nuntiata,
1313 688 1425 755 facem?

442 788 531 853 caclo
549 799 750 872 conspectam
765 797 796 849 et
813 784 930 848 bovem
947 782 1101 848 feminam
1117 783 1272 861 locutam3
1292 779 1425 870 [eam]p1

442 883 525 948 blice
542 882 594 946 ali.
633 879 816 945 Menturnis
835 899 963 962 quoque
981 900 1039 963 per
1061 898 1115 943 ecs
1137 877 1205 943 dies
1228 878 1309 943 caeli
1331 878 1425 942 arden

406 1000 424 1046 4
443 977 564 1064 species
581 974 765 1040 adfulserat.
792 973 894 1040 Reate
911 972 1006 1038 imbri
1022 972 1187 1059 lapidavit.
1215 970 1330 1039 Cumis
1348 974 1381 1038 in
1396 995 1425 1037 ar

442 1072 561 1159 Apollo
574 1070 716 1136 triduum
729 1091 767 1133 aa
784 1069 841 1134 tris
855 1068 956 1133 noctis
973 1068 1161 1133 lacrimavit.
1187 1068 1222 1133 in
1235 1067 1316 1134 urbe
1326 1068 1425 1134 Roma·

443 1166 508 1231 duo
530 1157 650 1231 aeditui
670 1163 872 1241 nuntiarunt,
900 1163 980 1228 alter
1001 1163 1034 1227 in
1052 1162 1131 1228 aede
1149 1161 1314 1227 Fortunae
1333 1183 1425 1247 angue

408 1281 424 1327 a
442 1261 587 1326 iubatum
604 1283 624 1324 a
641 1258 848 1344 conpluribus
871 1258 975 1322 visum
994 1280 1077 1335 esse,
1104 1258 1184 1322 alter
1204 1257 1239 1322 in
1257 1258 1338 1323 aede
1355 1257 1425 1322 Prin

442 1356 557 1443 genias
568 1354 741 1430 Fortunae,
760 1353 894 1437 quaein
912 1354 992 1417 colle
1010 1364 1068 1428 est,
1087 1352 1151 1417 duo
1169 1352 1298 1417 diversa
1315 1353 1425 1438 prodig

441 1451 582 1536 palmam
607 1450 641 1513 in
668 1469 744 1513 area
765 1458 892 1513 enatam
915 1459 948 1512 et
973 1446 1128 1533 sanguine
1154 1447 1295 1512 interdiu
1323 1447 1425 1533 pluvia

409 1565 425 1614 6
443 1546 507 1609 duc
522 1566 587 1609 non
604 1553 753 1628 suscepta
769 1541 916 1628 prodigia
930 1552 1013 1618 sunt,
1032 1542 1178 1619 alterum,
1196 1542 1284 1626 quod
1302 1542 1338 1606 in
1350 1542 1425 1627 privs

441 1640 513 1703 loco
531 1637 653 1702 factum
675 1647 773 1714 esset,
791 1637 992 1722 -palmam
1011 1647 1138 1701 enatam
1161 1634 1186 1722 [
1211 1633 1226 1722 ]
1250 1636 1425 1722 inpluvics

442 1731 482 1797 Τ.
500 1730 644 1797 Marcius
661 1730 798 1815 Figulus
815 1730 983 1795 nuntiabat
999 1767 1057 1808 -‚
1076 1731 1226 1807 alterum,
1245 1732 1334 1814 quod
1352 1731 1384 1794 in
1400 1730 1425 1794 lo

441 1826 625 1914 peregrino:
642 1824 799 1911 Fregellis
814 1824 849 1888 in
862 1824 956 1889 domo
965 1823 1050 1889 Luci
1058 1824 1152 1889 Atrei
1170 1823 1272 1901 hasta,
1291 1823 1425 1909 quamfi'

441 1920 535 1985 militi
551 1930 680 1997 emerat,
693 1918 832 1984 interdiu
846 1919 919 2005 plus
937 1919 1017 1984 duas
1031 1920 1125 1984 boras
1140 1919 1268 1996 arsisse,
1285 1918 1334 1983 ita
1346 1931 1381 1983 ut
1392 1916 1425 1982 nil

410 2036 425 2084 t
443 2015 511 2080 eius
526 2013 707 2078 ambureret
723 2012 817 2099 ignis,
836 2013 1011 2078 dicebatur.
1037 2012 1241 2099 publicorum
1252 2013 1425 2099 prodigiam

445 2131 543 2174 causa
558 2107 632 2173 libri
645 2130 666 2172 a
678 2107 866 2173 decemviris
883 2107 976 2184 aditi3
995 2108 1209 2193 quadraginta
1222 2107 1394 2172 maioribus
1410 2104 1425 2168 b

411 2224 425 2270 a
444 2207 500 2268 stis
521 2203 637 2287 quibus
661 2202 720 2266 diis
743 2203 891 2268 consules
914 2201 1128 2267 sacrificarent
1150 2201 1321 2267 ediderunt
1343 2198 1425 2287 [et]1

443 2296 632 2384 supplicatio
649 2295 739 2362 fieret
761 2295 931 2380 cunctique
948 2296 1153 2381 magistratus
1176 2296 1261 2361 circa
1278 2296 1384 2361 omnia
1398 2315 1425 2380 pr

443 2392 567 2457 vinaria
578 2390 725 2456 victumis
743 2390 917 2455 maioribus
936 2390 1151 2456 sacrificarent
1166 2391 1371 2476 populusque
1382 2409 1425 2454 cor

443 2497 537 2552 natus
554 2497 647 2552 esset.
692 2485 808 2561 omnia,
826 2485 874 2549 uti
891 2484 1063 2550 decemviri
1080 2484 1273 2570 praeierunt,
1291 2485 1384 2550 facta

412 2603 424 2648 1
508 2577 628 2644 XIIII.
648 2576 844 2644 censoribus
854 2579 968 2644 deinde
978 2578 1122 2644 creandis
1136 2578 1266 2643 comitia
1275 2579 1379 2644 edicta
1387 2597 1425 2641 sur

443 2675 604 2761 petierunt
621 2695 788 2739 censuram
810 2672 970 2759 principes
988 2673 1140 2751 civitatis,
1161 2670 1200 2738 C.
1219 2673 1370 2740 Valerius
1386 2671 1425 2736 Lr

444 2768 552 2845 vinus,
573 2765 630 2851 Sp.
647 2767 834 2832 Postumius
851 2767 1007 2845 Albinus,
1024 2767 1064 2831 P.
1082 2768 1214 2832 Mucius
1234 2763 1425 2843 Scaevola]

445 2859 559 2926 Iunius
585 2862 722 2939 Brutus,
750 2858 789 2926 C.
819 2858 976 2926 Claudius
1002 2860 1157 2940 Pulcher,
1184 2861 1236 2926 Ti.
1265 2857 1425 2949 Semproni

413 2975 428 3023 2
447 2954 626 3022 Gracchus.
665 2954 723 3020 bos
741 2956 823 3020 duos
840 2979 987 3022 censores
1005 2957 1124 3023 creavit
1141 2957 1280 3044 populus
1298 2957 1425 3022 Romani

447 3071 521 3115 curn
538 3050 673 3115 dilectus
689 3049 830 3116 habendi
847 3052 949 3116 maior
966 3074 1063 3136 quam
1080 3052 1159 3117 alias
1175 3064 1308 3139 propter
1321 3046 1425 3117 Maced

444 3144 554 3210 uicum
571 3145 691 3210 bellum
709 3165 787 3210 cura
803 3157 902 3223 esset,
924 3147 1070 3211 consules
1087 3146 1215 3232 plebem
1233 3159 1313 3233 aput
1331 3155 1425 3213 senata

412 3257 427 3305 3
446 3240 649 3318 accusabant,
667 3240 755 3325 quod
767 3251 799 3305 et
815 3239 955 3306 iuniores
973 3262 1037 3306 non
1054 3242 1292 3327 responderent.
1324 3242 1425 3307 advers

447 3355 527 3419 quos
542 3332 580 3399 C.
592 3334 753 3420 Sulpicius
766 3346 799 3400 et
806 3334 856 3398 M.
867 3332 1023 3400 Claudius
1040 3346 1202 3421 praetores
1219 3335 1326 3421 plebis
1348 3352 1425 3401 caus

446 3439 595 3514 egerunt:
618 3449 682 3492 non
705 3427 903 3505 consulibus,
926 3429 982 3494 sed
1000 3429 1175 3495 ambitiosis
1193 3425 1425 3495 consulibusdl

447 3531 535 3586 ctum
548 3521 710 3587 difficilem
722 3545 807 3602 esse3
824 3522 985 3589 neminem
998 3524 1134 3589 invitum
1147 3524 1282 3588 militem
1297 3525 1341 3589 ab
1352 3531 1380 3589 Is
1395 3522 1425 3587 le

413 3631 430 3678 4
447 3613 481 3678 id
497 3625 534 3679 ut
555 3614 600 3679 ita
618 3637 686 3681 esse
704 3617 821 3683 scirent
838 3628 871 3682 et
888 3628 993 3703 patres
1012 3616 1196 3703 conscripti,
1213 3630 1387 3704 praetores,
1403 3635 1425 3699 qt

445 3708 507 3773 bus
524 3719 557 3775 et
573 3708 622 3773 vis
638 3710 762 3795 imperii
779 3710 884 3775 minor
901 3722 933 3777 ct
950 3712 1121 3777 auctoritas
1139 3724 1238 3790 esset,
1263 3713 1422 3786 dilectum,

415 3803 493 3871 sita
516 3804 640 3869 senatui
661 3804 836 3883 videretur,
862 3806 1060 3891 perfecturos
1087 3829 1166 3872 esse.
1216 3806 1250 3870 id
1276 3803 1425 3893 praetorib

447 3917 567 3983 magna
582 3908 710 3984 patrum
724 3897 997 3987 [approbatione],
1014 3922 1079 3966 non
1097 3901 1165 3965 sine
1178 3900 1382 3987 sugillatione
1399 3915 1425 3963 cc

448 3992 554 4058 sulum
571 3992 758 4057 mandatum
776 4006 834 4060 est.
880 4015 1027 4060 censores
1043 4006 1081 4059 ut
1101 4016 1174 4059 cam
1190 4017 1259 4059 rem
1277 3994 1425 4060 adiuvare

447 4087 494 4153 ita
509 4086 544 4151 in
562 4085 708 4153 contione
725 4088 903 4166 edixerunt,
920 4089 1026 4175 legem
1039 4088 1148 4155 censui
1162 4088 1322 4154 censendo
1336 4088 1425 4152 dictur

448 4203 534 4259 esse,
556 4192 592 4246 ut
609 4192 736 4267 praeter
753 4203 921 4248 commune
940 4177 1083 4248 omnium
1100 4183 1219 4248 civium
1235 4183 1287 4248 ius
1304 4178 1425 4247 iuranda

416 4273 529 4342 obsec
552 4276 734 4343 adiurarent
761 4285 810 4343 ‘tu
830 4279 935 4342 minor
957 4278 1048 4343 annis
1071 4301 1128 4343 sex
1151 4290 1183 4344 et
1205 4276 1412 4363 quadraginta
