3359 5092
347 517 390 584 58
553 526 672 584 urar-:a
688 525 848 594 xxxin,
867 526 900 579 er
925 525 967 579 ss.
986 524 1173 593 [naeres]

347 691 383 755 in
401 686 572 753 Graeciam
594 684 697 759 missi,
722 681 898 767 Corcyram
919 682 1063 767 peditum
1084 681 1172 747 mille
1190 704 1300 748 secum
1321 683 1367 747 ad·

349 792 520 857 vexerunt3
547 777 593 842 ibi
614 779 696 842 inter
719 800 753 842 se
780 791 813 841 et
839 777 985 863 regiones
1012 798 1093 861 quas
1113 775 1241 843 obirent
1266 790 1298 843 et
1318 778 1367 841 mi·

315 879 419 949 alites
445 875 630 939 diviserunt.
683 871 725 935 L.
743 870 913 937 Decimius
940 870 1056 934 missus
1079 881 1128 935 est
1153 870 1197 935 ad
1224 869 1364 937 Gentium

348 994 458 1057 regem
483 968 681 1053 Illyriorum,
716 988 813 1049 quem
842 966 869 1029 si
896 964 1035 1049 aliquem
1060 977 1244 1051 respectum
1271 966 1363 1035 amici-

348 1069 411 1134 tiae
434 1090 509 1132 eum
530 1064 648 1129 habere
672 1074 829 1139 cerneret,
856 1073 1028 1128 retentaret
1050 1077 1107 1127 aut
1123 1063 1222 1128 etiam
1239 1065 1280 1129 ad
1301 1062 1361 1128 belli

315 1186 329 1232 3
348 1163 532 1228 societatem
554 1158 721 1245 perliceret
738 1156 883 1242 (iussus).
928 1156 1060 1222 Lentuli
1080 1157 1114 1222 in
1132 1155 1360 1245 Cephallaniam

347 1257 450 1333 missi,
474 1267 512 1321 ut
533 1254 568 1319 in
584 1253 843 1339 Peloponnesum
862 1252 1032 1315 traicerent
1049 1273 1206 1337 oramque
1225 1253 1358 1318 marisia

314 1351 546 1422 aoccidentem
571 1347 654 1412 versi
682 1359 755 1411 ante
781 1345 919 1411 hiemem
942 1346 1154 1412 circumirent.
1197 1348 1319 1412 Marcio
1336 1359 1357 1409 et

347 1445 448 1510 Atilio
463 1443 592 1529 Epirus,
606 1442 745 1518 Aetolia,
763 1440 932 1505 Thessalia
946 1441 1192 1507 circumeundae
1207 1443 1355 1527 adsignan-

346 1553 415 1615 tur;
441 1539 517 1603 inde
533 1536 702 1601 Boeotiam
720 1549 816 1618 atque
833 1534 1004 1599 Euboeam
1021 1536 1163 1620 aspicere
1186 1537 1280 1613 iussi,
1305 1549 1353 1600 tun

314 1658 328 1703 5
347 1634 381 1697 in
397 1632 656 1717 Peloponnesum
674 1630 822 1705 traicere;
840 1628 887 1693 ibi
904 1650 1131 1714 congressuros
1149 1654 1184 1696 se
1202 1652 1276 1695 cum
1288 1630 1354 1694 Leu-

347 1727 421 1792 tulis
448 1726 653 1791 constituunt.
701 1723 889 1809 priusquam
911 1724 1154 1810 digrederentur
1179 1749 1200 1789 a
1224 1724 1352 1809 Corcyra,

346 1822 470 1887 litterae
480 1818 531 1907 [a]
549 1819 669 1885 Perseo
687 1819 812 1883 adlatae
831 1831 919 1895 sunt,
946 1819 1063 1902 quibus
1081 1820 1272 1903 quaerebat,
1292 1838 1352 1903 quae

347 1938 445 1981 causa
471 1915 625 1981 Romanis
652 1927 707 1979 aut
733 1914 767 1978 in
794 1911 967 1980 Graeciam
993 1914 1161 1979 traiciendi
1187 1916 1294 2002 copias
1316 1923 1353 1979 aut

314 2011 443 2080 surbes
461 2009 640 2095 occupandi
658 2020 751 2074 esset.
795 2009 848 2073 cui
865 2009 997 2073 rescribi
1018 2031 1084 2073 non
1105 2010 1243 2095 placuit,
1266 2008 1353 2075 nunu'o

346 2104 447 2190 ipsius
465 2104 521 2187 qui
541 2103 662 2168 litteras
680 2104 828 2168 attulerat
846 2102 923 2179 dici,
946 2104 1097 2188 praesidii
1115 2126 1215 2169 causa
1237 2107 1354 2191 ipsamu

314 2222 328 2267 7
348 2198 477 2263 urbium
493 2197 657 2263 Romanos
674 2197 790 2263 facere.
817 2197 948 2262 Lentuli
966 2198 1200 2265 circumeuntes
1218 2200 1354 2285 Pelopon·

347 2292 416 2358 nesi
434 2292 568 2378 oppida,
591 2314 665 2356 cum
683 2293 751 2357 sine
770 2292 951 2360 discrimine
969 2315 1079 2359 omnes
1097 2296 1245 2361 civitates
1264 2296 1354 2361 adhor-

347 2399 505 2464 tarentur,
531 2399 567 2451 ut
589 2409 653 2471 quo
678 2388 799 2465 animo,
825 2409 890 2470 qua
911 2387 974 2452 fide
996 2389 1196 2455 adiuvissent
1214 2392 1354 2456 Romanos

346 2481 488 2568 Philippi
505 2482 655 2567 primum,
673 2481 788 2546 deinde
806 2482 959 2546 Antiochi
976 2483 1071 2561 bello,
1089 2484 1204 2550 eodem
1224 2487 1355 2551 adversa

313 2599 329 2648 8
347 2578 469 2644 Persea
485 2578 648 2653 iuvarent,
666 2576 811 2641 fremitus
829 2577 864 2640 in
881 2578 1082 2643 contionibus
1100 2579 1223 2646 fiebant
1237 2577 1358 2646 Achaeis

346 2672 587 2758 indignantibus
605 2671 719 2736 eodem
736 2695 770 2736 se
787 2672 858 2735 loco
876 2694 959 2749 esse,
977 2673 1032 2756 qui
1051 2673 1159 2739 omnia
1176 2698 1197 2740 a
1215 2672 1359 2760 principiis

346 2764 550 2830 Macedonici
571 2762 647 2829 belli
668 2766 898 2850 praestitissent
921 2766 1089 2844 Romanis,
1113 2766 1211 2855 [quo]
1235 2761 1363 2835 Messeni

349 2870 444 2942 atque
461 2857 541 2935 Elii,
560 2856 648 2944 [qui]
667 2872 699 2923 et
710 2858 899 2924 Macedonis
911 2860 1053 2947 Philippi
1070 2862 1155 2928 bello
1173 2864 1283 2931 hostes
1299 2864 1364 2929 fuis·

348 2964 420 3018 sent
437 2950 605 3038 [Romanis
628 2949 676 3038 et]
699 2975 756 3038 pro
779 2953 941 3019 Antiocho
968 2970 1079 3040 postea
1106 2979 1197 3022 arma
1224 2960 1364 3025 adversus

314 3068 328 3115 9
348 3048 503 3133 populum
515 3046 699 3111 Romanum
715 3047 861 3113 tulissent
880 3071 917 3113 ac
935 3073 1038 3135 nuper
1055 3050 1088 3113 in
1100 3051 1284 3118 Achaicum
1301 3074 1365 3118 con·

347 3141 458 3207 tributi
492 3141 662 3207 concilium
697 3142 784 3206 velut
819 3143 996 3227 praemium
1028 3144 1104 3209 belli
1134 3168 1170 3212 se
1202 3147 1365 3213 victoribus

347 3238 488 3303 Achaeis
505 3237 590 3302 tradi
607 3249 824 3322 quererentur.

314 3352 326 3397 1
410 3330 617 3397 XXXVIII.
642 3332 788 3396 Marcius
803 3343 835 3396 et
843 3331 963 3396 Atilius
978 3333 1020 3396 ad
1030 3332 1167 3399 Gitanas
1181 3335 1275 3422 Epiri
1287 3333 1366 3421 oppi⁶

348 3426 425 3490 dum
452 3425 562 3490 decem
591 3425 680 3490 milia
706 3423 757 3512 [a]
784 3426 865 3490 mari
891 3448 963 3491 cum
992 3428 1215 3508 escenderent,
1244 3429 1366 3497 concilio

347 3518 555 3604 Epirotarum
577 3518 687 3584 habito
710 3542 784 3584 cum
805 3542 924 3606 magno
948 3521 1091 3588 omnium
1113 3524 1255 3591 adsensu
1277 3517 1365 3590 auditi

347 3623 422 3677 sunt
444 3623 476 3677 et
498 3612 748 3699 quadringentos
774 3614 948 3679 iuventutis
972 3638 1083 3683 eorum
1105 3618 1139 3682 in
1163 3616 1311 3695 Orestas,
1334 3627 1365 3679 ut

313 3725 327 3771 2
345 3706 505 3791 praesidio
519 3719 624 3772 essent
636 3707 777 3772 liberatis
792 3708 833 3772 ab
847 3707 1091 3788 Macedonibus,
1109 3712 1277 3779 miserunt.
1300 3709 1363 3777 inde

346 3802 379 3864 in
396 3800 560 3865 Aetoliam
576 3802 737 3889 progressi
754 3824 793 3866 ac
808 3824 929 3888 paucos
945 3803 991 3869 ibi
1008 3806 1123 3870 morati
1141 3807 1226 3886 dies,
1249 3805 1362 3873 dumiu

345 3895 500 3981 praetoris
530 3897 647 3962 mortui
676 3896 783 3961 locum
814 3896 895 3961 alius
926 3898 1142 3976 sufficeretur,
1179 3913 1212 3967 et
1238 3901 1361 3988 Lycisco

345 4001 491 4076 praetore
507 3990 605 4068 facto,
623 4012 719 4074 quem
732 3991 950 4057 Romanorum
968 3992 1077 4059 favere
1090 3994 1189 4061 rebus
1207 3997 1283 4063 satis
1300 4016 1362 4061 con·

345 4095 472 4170 portum
490 4095 568 4160 erat,
586 4084 778 4148 transierunt
795 4085 830 4148 in
848 4085 1058 4152 Thessaliam.
1098 4112 1137 4153 eo
1155 4090 1255 4177 legati
1273 4092 1361 4155 Acar·

311 4195 327 4242 e
345 4201 465 4243 nanum
482 4190 513 4244 et
530 4178 728 4242 Boeotorum
749 4180 859 4244 exules
875 4193 1041 4246 venenmt.
1085 4183 1277 4253 Acarnanes
1293 4204 1361 4250 uun·

345 4270 424 4336 tiare
440 4271 529 4349 iussi,
548 4292 630 4355 quae
644 4270 787 4357 Philippi
804 4273 953 4359 primum,
971 4276 1127 4342 Antiochi
1145 4278 1262 4347 deinde
1279 4277 1358 4346 bello,
