3359 5092
259 483 270 496 ⁵
345 525 409 590 122
536 532 1181 604 ursusxxxxunmarnuseoss]

344 707 381 760 ut
399 717 473 760 eum
490 715 626 770 morem,
648 692 757 756 sinon
775 714 917 776 semper,
940 690 1052 756 crebro
1070 700 1179 755 tamen
1196 702 1356 776 usurparet.

312 812 326 859 6
344 799 514 876 postquam
528 787 685 852 deterrere
699 809 774 851 eum
791 809 811 850 a
824 786 910 850 bello
921 784 1053 868 nequiit,
1070 784 1174 870 primo
1188 784 1357 850 subtrahere

345 905 415 949 sese
432 904 489 968 per
507 880 584 945 alias
602 893 698 964 atque
716 881 795 945 alias
813 877 970 967 [causas]‚
987 903 1028 945 ne
1045 880 1273 957 interessetis,
1289 901 1355 964 quae

344 998 410 1042 non
430 976 602 1062 probabat,
629 974 748 1060 coepit;
773 986 935 1061 postremo
953 997 1027 1040 cum
1045 987 1229 1061 suspectum
1254 996 1287 1040 se
1303 996 1357 1039 esse
1389 1041 1396 1046 ,

346 1081 490 1137 cerneret
511 1082 541 1135 et
564 1068 751 1155 proditionis
773 1069 933 1134 interdum
956 1069 1087 1136 crimine
1112 1068 1304 1145 insimulari,
1327 1068 1357 1132 ad
1388 1083 1390 1090 '

312 1166 507 1237 rRomanos
529 1165 717 1251 transfugit,
743 1163 961 1252 magno[que]
985 1166 1057 1230 usui
1075 1166 1200 1231 consuli
1223 1165 1292 1230 fuit.
1329 1187 1358 1230 er
1388 1229 1396 1256 -.

344 1261 543 1326 introductus
557 1260 591 1324 in
605 1259 726 1324 curiam
740 1281 814 1324 cum
827 1270 1043 1337 memorasset,
1057 1270 1188 1326 senatus
1201 1261 1238 1326 in
1255 1261 1357 1325 formu·

345 1358 409 1422 lam
432 1355 591 1421 sociorum
615 1377 689 1420 eum
709 1355 821 1420 referri
843 1355 950 1432 iussit,
976 1353 1357 1441 locum,lautiapraebe1i,
1391 1401 1395 1408 -

345 1449 600 1537 agriTarentini,
619 1449 674 1533 qui
688 1449 836 1535 publicus
854 1448 964 1535 populi
973 1448 1111 1514 Romani
1124 1460 1220 1526 esset,
1240 1449 1358 1514 ducenta
1394 1478 1395 1482 ¹

344 1546 456 1631 iugera
474 1544 553 1620 dari,
571 1555 602 1607 et
621 1544 717 1608 aedes
730 1542 863 1608 Tarenti
881 1542 954 1608 emi.
980 1542 1029 1608 uti
1046 1566 1084 1608 ea
1102 1554 1240 1619 curaret,
1259 1540 1359 1607 (lDe

346 1639 440 1704 cimio
457 1637 595 1724 praetori
611 1637 807 1702 mandatum.

311 1755 327 1804 s
411 1730 435 1821 [.
446 1780 455 1798 .
467 1781 474 1797 .
486 1780 494 1798 .
505 1729 664 1819 equitum]
680 1754 848 1798 recensum
865 1731 1219 1797 idibusDecembribus
1234 1731 1360 1797 severius

345 1852 444 1913 quam
467 1840 540 1894 ante
562 1828 756 1906 habuerunt3
779 1827 887 1893 multis
910 1828 985 1912 equi
1007 1827 1163 1912 adempti,
1189 1828 1273 1892 inter
1294 1847 1360 1910 quoe

344 1923 385 1989 P.
408 1923 545 2000 Rutilio,
572 1923 628 2006 qui
650 1923 796 1987 tribunus
817 1922 920 2009 plebis
939 1944 993 1988 eos
1016 1922 1170 1987 violenter
1193 1931 1360 1997 accusaret;
1390 1945 1396 1998 t

313 2038 327 2086 9
347 2018 433 2083 tribu
450 2038 578 2102 quoque
599 2018 627 2082 is
645 2029 751 2082 motus
768 2030 799 2082 et
822 2017 963 2082 aerarius
981 2017 1095 2082 factus.
1140 2018 1182 2081 ad
1200 2038 1298 2104 opera
1312 2037 1360 2101 pu·

346 2112 429 2177 blica
446 2111 594 2177 facienda
611 2112 744 2177 cumeis
758 2111 925 2176 dimidium
939 2134 980 2176 ex
992 2111 1203 2197 vectigalibus
1217 2112 1285 2177 eius
1298 2107 1360 2175 anni

296 2230 328 2277 10
346 2208 541 2273 adtributum
560 2231 600 2273 ex
618 2218 747 2272 senatus
765 2207 909 2272 consulto
928 2231 948 2271 a
965 2205 1186 2290 quaestoribus
1205 2217 1303 2282 esset,
1319 2203 1359 2268 Ti

346 2303 554 2391 Sempronius
568 2328 607 2370 cx
622 2327 660 2370 ea
673 2303 819 2389 pecunia,
833 2325 916 2387 quae
929 2303 991 2388 ipsi
1007 2302 1169 2367 adtributa
1182 2314 1261 2379 erat,
1279 2300 1360 2366 aedes

344 2398 385 2464 P.
400 2399 547 2464 Africani
564 2420 647 2485 pone
661 2398 796 2465 Veteres
815 2398 858 2462 ad
875 2397 1047 2464 Vortumni
1070 2397 1199 2483 signum
1218 2396 1361 2462 lanienae-

346 2515 409 2577 que
427 2505 458 2559 et
480 2494 628 2560 tabernas
647 2489 831 2558 coniunctas
853 2491 887 2556 in
909 2491 1074 2578 publicum
1095 2491 1173 2556 emit
1193 2491 1360 2556 basilicam·

345 2610 409 2671 que
436 2588 616 2654 faciendam
639 2586 776 2664 curavit,
802 2607 886 2672 quae
911 2597 1024 2671 postea
1048 2584 1240 2671 Sempronia
1265 2582 1361 2671 appel·

345 2682 410 2747 lata
428 2693 485 2747 est.

313 2794 326 2841 1
408 2775 524 2843 XVII.
543 2775 615 2840 Iam
626 2776 661 2839 in
674 2775 762 2840 exitu
776 2798 878 2840 annus
892 2786 969 2852 erat,
988 2786 1021 2842 et
1033 2784 1162 2861 propter
1170 2770 1361 2840 Macedonici

345 2868 484 2933 maxime
511 2868 587 2933 belli
609 2890 719 2933 curam
744 2869 778 2933 in
804 2869 1004 2934 sermonibus
1031 2867 1176 2934 homines
1202 2869 1361 2940 habebant,

346 2983 426 3046 quos
444 2963 478 3027 in
496 2985 615 3028 annum
634 2962 779 3028 consules
798 2964 839 3028 ad
861 2963 1038 3028 finiendum
1055 2963 1186 3028 tandem
1201 2964 1238 3027 id
1255 2963 1360 3029 bellum

313 3069 499 3124 screarent.
543 3057 652 3141 itaque
676 3068 805 3122 senatus
824 3058 1005 3123 consultum
1027 3057 1233 3136 factumest,
1260 3069 1295 3122 ut
1311 3053 1360 3121 (ln

347 3151 502 3220 Servilius
520 3152 622 3240 primo
641 3174 769 3237 quoque
787 3163 930 3238 tempore
948 3153 990 3217 ad
1008 3152 1136 3218 comitia
1152 3152 1303 3219 habende
1318 3172 1361 3216 vc·

313 3262 327 3311 3
345 3250 436 3316 niret.
482 3260 610 3316 senatus
629 3249 808 3315 consultum
827 3247 989 3335 Sulpicius
1007 3260 1134 3335 praetor
1151 3250 1194 3314 ad
1212 3248 1361 3315 consulem

347 3341 448 3429 [misit
464 3343 635 3427 literaeque
652 3353 797 3428 receptas
815 3366 835 3406 a
852 3340 997 3428 consule]
1014 3354 1089 3429 post
1104 3365 1227 3429 paucos
1242 3344 1307 3410 dies
1322 3362 1360 3405 re·

346 3436 465 3512 citavit,
483 3437 600 3519 quibus
615 3435 640 3523 [
664 3434 769 3523 ]ante
786 3436 871 3503 diem
895 3435 950 3523 [..
969 3437 1097 3503 comitia
1115 3437 1229 3503 edixit:
1249 3461 1284 3504 se
1300 3455 1360 3503 eum

347 3541 420 3595 ante
439 3528 540 3616 diem]
557 3530 592 3595 in
615 3531 728 3596 urbem
749 3542 930 3597 venturum.
974 3543 1007 3597 et
1024 3533 1136 3597 consul
1152 3532 1360 3599 maturavitet

311 3642 329 3688 4
348 3623 477 3689 comitia
500 3645 537 3689 eo
561 3624 611 3689 die
633 3626 689 3708 qui
712 3625 815 3691 dictus
838 3637 907 3690 erat
932 3636 1005 3690 sunt
1031 3626 1184 3712 perfecta.
1229 3624 1359 3693 consules

347 3717 445 3782 creati
462 3717 503 3782 L.
522 3718 681 3784 Aemilius
697 3719 820 3785 Paulus
843 3720 972 3798 iterum,
995 3731 1108 3803 quarto
1132 3721 1269 3787 decumo
1291 3736 1360 3785 anno

346 3822 517 3897 postquam
540 3813 643 3899 primo
665 3815 776 3880 consul
798 3814 917 3891 fuerat,
945 3826 977 3880 et
999 3813 1038 3880 O.
1057 3815 1204 3882 Licinius
1227 3814 1360 3882 Crassus

313 3923 328 3972 5
347 3917 510 3993 praetores
527 3919 655 3993 postero
672 3909 724 3975 die
741 3909 819 3975 facti
837 3907 898 3975 Cn.
918 3908 1091 3997 [Baebius]
1110 3910 1312 3997 Tamphilus,
1327 3907 1360 3972 1..

346 4001 482 4068 Anicius
501 3999 631 4081 Gallus,
658 4002 719 4071 On.
739 4002 910 4082 Octavius,
934 4003 976 4069 P.
993 4005 1148 4072 Fonteius
1165 4006 1291 4072 Balbus
1297 4053 1308 4084 ,
1322 4001 1362 4068 hl

314 4114 328 4162 6
347 4096 508 4163 Aebutius
525 4098 643 4177 Helva,
662 4094 701 4163 Ο.
719 4098 869 4185 Papirius
889 4096 1005 4163 Carbo.
1041 4099 1150 4165 omnia
1167 4111 1204 4166 ut
1220 4097 1364 4165 maturius

315 4211 330 4257 r
349 4203 529 4276 agerentur,
547 4193 624 4259 belli
639 4192 843 4258 Macedonici
860 4193 1045 4259 stimulabat
1062 4217 1149 4260 cura.
1193 4195 1303 4280 itaque
1319 4191 1366 4258 de·

349 4285 490 4370 signatos
507 4288 667 4372 extemplo
685 4286 790 4352 sortiri
812 4286 933 4373 placuit
949 4288 1144 4373 provincias,
1167 4299 1205 4354 ut
1222 4311 1297 4354 cum
1313 4283 1366 4352 utn'
