3359 5092
390 557 1181 630 umnaxxxx111‚es.xxxxn11,1.[a.u1ss]
1240 547 1302 612 107

285 737 452 802 regressus,
469 737 528 802 per
543 714 770 780 Parthinorum
787 715 890 779 socias
908 716 1003 781 urbes
1020 717 1055 781 in
1070 717 1205 781 hiberna
1221 717 1304 781 mili-

289 811 361 876 tibus
378 810 535 887 dimissis,
556 810 626 896 ipse
643 811 781 876 Romam
799 810 945 874 sacrificii
963 832 1060 876 eausa
1076 811 1179 876 rediit.
1223 810 1303 877 Per·
1321 834 1335 880 ι

292 927 350 970 setis
366 927 407 969 ex
422 904 635 969 Penestarum
651 915 748 990 gente
763 904 851 969 mille
868 904 1001 990 pedites,
1008 905 1163 970 ducentos
1181 905 1303 989 equites

293 1008 444 1063 avocatos
461 995 712 1075 Cassandream,
737 998 898 1084 praesidio
920 1009 956 1062 ut
978 1009 1099 1075 emant,
1122 998 1217 1064 misit.
1262 998 1303 1063 ab
1321 1014 1338 1063 8

295 1091 397 1159 [lentio
424 1092 538 1157 eadem
564 1092 744 1158 adferentes
772 1092 946 1157 redierunt.
998 1114 1059 1157 nec
1084 1092 1199 1157 deinde
1225 1092 1303 1157 alios

295 1197 372 1269 etque
390 1185 471 1250 alios
488 1183 642 1250 mittendo
660 1196 815 1270 temptare
834 1208 908 1251 eum
926 1186 1060 1264 destitit,
1079 1208 1153 1251 cum
1170 1208 1304 1272 appare·

295 1291 342 1356 nt,
362 1290 519 1363 quantum
535 1280 570 1343 in
587 1301 626 1344 eo
641 1279 790 1365 praesidii
809 1291 906 1358 esset,
929 1302 990 1346 nec
1008 1293 1116 1346 tamen
1132 1280 1303 1366 impetrare

296 1373 443 1437 ehanhno
460 1384 583 1459 posset,
604 1385 643 1438 ut
659 1374 826 1460 inpensam
847 1374 881 1438 in
902 1397 973 1440 rem
988 1375 1120 1441 maximi
1138 1376 1180 1440 ad
1197 1374 1306 1440 omnia

287 1467 431 1533 'menti
447 1467 576 1533 faceret

687 1650 894 1658 ———

514 1804 723 1874 [hunrocus
740 1805 848 1861 usam
864 1805 1064 1875 xxxma

333 1959 377 2027 [Q.
391 1959 515 2015 Marcius
528 1959 676 2033 Philippus
688 1979 740 2033 per
752 1961 843 2016 invios
856 1962 944 2016 saltus
957 1961 1116 2032 penetravit
1128 1962 1158 2016 in
1172 1962 1303 2019 Macedo-

294 2035 354 2093 nian
365 2044 395 2094 et
408 2038 557 2108 conplures
574 2039 658 2095 mhes
670 2039 827 2110 occupavit
862 2038 959 2094 Rhodi
972 2039 1107 2094 miserunt
1123 2041 1234 2113 legatos
1246 2041 1303 2095 Ro-

292 2132 365 2186 mam,
382 2117 534 2185 minantes,
552 2121 584 2170 ut
597 2117 701 2173 Perseo
715 2118 820 2173 auxilio
837 2123 941 2187 essent,
960 2117 1014 2171 nisi
1027 2118 1147 2189 populus
1159 2118 1304 2174 Romanus

292 2196 398 2249 camillo
406 2211 505 2265 pacem
516 2200 601 2265 atque
610 2196 761 2250 amicitiam
769 2196 908 2266 iungeret.
943 2195 1059 2267 indigne
1068 2195 1098 2249 id
1107 2196 1204 2250 latum.
1240 2213 1304 2251 cum

291 2267 424 2326 idhellum
433 2271 467 2325 1..
477 2271 599 2325 Aemilio
609 2272 698 2327 Pardo
712 2272 855 2344 sequentis
870 2272 937 2326 anni
950 2271 1058 2326 consuli
1071 2273 1172 2327 iterum
1187 2273 1303 2327 manda-

290 2353 338 2402 tnm
350 2354 436 2416 esset,
455 2347 561 2402 Paulus
574 2349 605 2403 in
618 2349 747 2405 contione
765 2354 905 2421 precatis,
923 2354 956 2403 ut
973 2349 1110 2420 quidquid
1127 2349 1180 2403 din’
1197 2350 1304 2421 populo

289 2421 404 2479 Romano
417 2425 575 2481 immineret
590 2426 622 2479 in
640 2443 719 2481 suam
733 2428 845 2482 domum
857 2432 1074 2495 converteretur,
1089 2426 1159 2481 etin
1172 2426 1303 2481 Macedo-

288 2502 353 2557 niam
361 2503 514 2573 profectus,
534 2503 717 2560 vicitPersen
731 2509 876 2574 totamque
884 2503 1080 2559 Macedoniam
1092 2504 1121 2557 in
1135 2509 1305 2574 potestatem

287 2580 391 2653 redegit
426 2587 579 2651 antequam
587 2581 761 2653 confligeret,
779 2581 824 2647 [G.
836 2580 975 2651 Srdpicius
986 2580 1086 2636 Gallus
1095 2582 1223 2635 tribunus
1232 2580 1303 2633 mili-

288 2663 352 2724 tnm]
363 2656 505 2730 praedixit
517 2659 658 2728 exercitui,
677 2659 888 2727 nominaretur,
908 2657 982 2728 quod
997 2657 1065 2712 luna
1078 2664 1161 2713 nocte
1178 2658 1305 2728 proxima

290 2733 421 2791 defectura
430 2740 502 2791 erat.
538 2733 657 2791 Gentius
667 2752 785 2806 quoque,
803 2753 852 2791 rex
860 2736 1046 2807 Hlyricorum,
1057 2752 1120 2790 cum
1128 2735 1303 2804 rebellasset,

287 2811 342 2866 sh.
351 2813 454 2867 Anicio
467 2816 598 2883 praetore
611 2812 701 2867 victus
713 2813 791 2868 venit
807 2814 838 2868 in
856 2812 1027 2868 deditionem
1043 2818 1072 2867 et
1090 2829 1154 2867 cum
1166 2829 1252 2868 uxore
1270 2829 1304 2867 ae

287 2887 371 2946 liberis
379 2897 408 2945 et
420 2889 586 2959 propinquis
594 2889 819 2945 Romammissss
828 2896 880 2946 est.
915 2890 1006 2962 legati
1014 2890 1188 2946 Alexandria
1197 2908 1214 2946 a
1223 2889 1304 2946 Cleo·

287 2973 358 3036 patra
370 2973 400 3023 et
411 2967 578 3022 Ptolemaeo
591 2967 706 3040 regibus
718 2973 856 3023 venerunt
869 2973 1019 3038 querentes
1032 2967 1068 3023 de
1082 2969 1223 3023 Antiocho
1235 2984 1305 3039 rege

289 3041 383 3116 Syriae,
402 3045 479 3115 quod
492 3044 516 3098 is
530 3044 636 3100 bellum
649 3044 774 3100 inferret
809 3044 930 3100 Perseus
948 3043 1105 3099 sollicitatis
1124 3045 1154 3098 in
1171 3045 1304 3099 auxilium

288 3119 398 3178 Eumene
412 3139 483 3195 rege
498 3121 630 3196 Pergami
648 3127 677 3177 et
692 3119 796 3177 Gentio
808 3140 877 3193 rege
890 3122 1080 3194 Illyricorum,
1100 3122 1166 3193 quia
1178 3121 1203 3175 is
1220 3138 1304 3191 pecu·

289 3197 352 3255 niam
360 3217 446 3272 quam
454 3200 621 3271 promiserat
628 3216 685 3255 non
695 3199 791 3269 dabat,
809 3200 924 3255 relictus
934 3199 970 3254 ab
980 3200 1023 3253 his
1033 3204 1099 3265 est]

708 3415 875 3430 a*

650 3613 782 3696 ΤΙΤΙ
803 3613 943 3695 LIVI

565 3753 626 3813 ln
653 3753 778 3815 vnsn
805 3752 1026 3814 cosmus

634 3949 954 4007 LIBERXXXXIHI.

349 4109 373 4173 Ι,
399 4107 564 4194 Principio
577 4109 671 4186 veris,
689 4109 776 4192 qnod
793 4108 931 4173 hiemem
944 4130 1026 4184 eam,
1044 4130 1109 4191 qua
1122 4106 1201 4171 haee
1215 4115 1306 4191 gesta
1326 4128 1339 4174 1

304 4213 366 4280 ant,
382 4203 564 4269 insecutum
580 4215 639 4281 est,
657 4204 700 4268 ab
717 4203 821 4270 Roma
838 4202 1000 4288 profectus
1015 4201 1058 4283 Q.
1072 4199 1216 4266 Marcius
1229 4199 1308 4265 Phi·

303 4286 387 4381 ¹lepus
402 4297 515 4363 connrl
528 4298 750 4382 enmqninque
762 4297 900 4374 milibus,
914 4308 992 4381 quot
1004 4297 1038 4361 in
1052 4294 1308 4381 supplementum
