3359 5092
505 540 622 596 amsa
638 541 798 613 mxu,
816 542 859 596 31.
874 542 917 597 aa.
936 547 976 609 [a.
986 541 1017 599 c.
1028 544 1091 616 171]
1265 531 1309 599 53

302 700 404 765 Persea
421 698 541 782 quique
559 698 627 764 eius
645 710 765 763 sectam
782 700 882 764 secuti
900 710 1015 777 essent,
1032 700 1094 764 nisi
1111 703 1230 786 populo
1244 703 1311 768 Ro-

303 816 380 857 nanc
398 793 639 869 satisfecissent,
661 793 745 857 bello
763 804 1016 879 persequeretur.
1060 794 1201 879 legiones
1219 809 1311 880 quat·
1329 819 1344 866 2

306 900 362 952 tuor
376 908 475 952 novas
499 886 595 952 scribi
616 887 749 972 placuit,
777 887 868 951 binas
890 887 1024 972 singulis
1041 889 1233 954 consulibus.
1277 891 1310 955 id

306 982 454 1066 praecipue
471 980 654 1066 provinciae
663 981 874 1047 Macedoniae
892 982 1012 1058 datum,
1030 984 1127 1065 quod,
1145 1005 1220 1049 cum
1234 985 1312 1048 alte-

306 1075 355 1139 n'us
375 1075 511 1139 consulis
533 1074 713 1160 legionibus
730 1075 829 1160 quina
845 1075 933 1139 milia
950 1088 982 1140 et
999 1076 1114 1140 duceni
1131 1076 1253 1161 pedites
1271 1100 1310 1142 ex

307 1177 394 1233 vetere
410 1168 554 1232 instituto
578 1167 729 1233 darentur
750 1169 784 1233 in
801 1168 943 1253 singulas
965 1169 1122 1254 legiones,
1148 1170 1181 1233 in
1199 1169 1311 1235 Mace-

304 1260 413 1325 doniam
436 1284 514 1326 sena
535 1260 624 1326 milia
643 1262 788 1346 peditum
805 1263 902 1327 scribi
923 1263 1025 1338 iussa,
1048 1263 1170 1347 equites
1193 1264 1312 1329 treceni

303 1357 459 1440 aequaliter
474 1357 510 1420 in
523 1355 664 1443 singulas
681 1356 833 1443 legiones.
860 1368 892 1423 et
908 1358 942 1422 in
960 1358 1068 1422 sociali
1081 1359 1222 1423 exercitu
1237 1381 1312 1423 con·
1330 1379 1345 1425 c

303 1451 352 1513 auli
372 1451 461 1515 alteri
481 1461 595 1514 auctus
616 1472 781 1514 numerus:
804 1453 822 1532 †
844 1452 1143 1516 dcccc.ccnm.1.m
1158 1452 1311 1538 peditum,

306 1543 488 1630 octingentos
506 1544 645 1627 equites,
661 1554 787 1628 praeter
805 1565 860 1609 eos
878 1566 958 1627 quos
973 1541 1034 1610 Cn.
1045 1542 1185 1610 Sicinius
1203 1546 1312 1610 duxis-

275 1703 278 1714 ,
305 1649 342 1701 set
365 1648 525 1703 sescentos
548 1637 686 1721 equites,
707 1637 741 1701 in
757 1636 984 1702 Macedoniam
1001 1638 1156 1703 traiceret.
1199 1640 1311 1705 Italiae
1329 1661 1346 1707 4

304 1732 364 1797 satis
387 1733 458 1797 visa
483 1732 653 1798 duodecim
682 1732 770 1796 milia
800 1732 959 1797 sociorum
984 1733 1143 1817 peditum,
1176 1734 1312 1798 sescenti
1379 1732 1383 1740 '

304 1826 417 1908 equites.
462 1825 542 1889 illud
561 1846 688 1910 quoque
709 1826 919 1911 praecipuum
936 1825 1047 1891 datum
1064 1826 1142 1891 sorti
1157 1826 1312 1891 Macedo·

305 1920 372 1998 niae,
401 1931 439 1985 ut
472 1920 670 1984 centuriones
697 1920 878 2004 militesque
903 1909 1027 1985 veteres
1054 1920 1205 1986 scriberet
1231 1941 1311 2004 quos

306 2014 380 2079 vdlct
396 2013 508 2079 consul
530 2014 693 2098 usquead
716 2012 949 2099 quinquaginta
966 2035 1076 2079 annos.
1120 2015 1154 2078 in
1176 2013 1311 2078 tribunis
1330 2034 1344 2080 5

304 2108 422 2173 militnm
439 2118 593 2172 novatum
612 2129 649 2173 ec
667 2129 751 2172 anno
772 2119 902 2194 propter
918 2108 1164 2173 Macedonicum
1181 2108 1311 2185 bellum,

304 2203 372 2284 qnod
389 2201 538 2266 consules
556 2224 596 2267 ex
617 2212 746 2267 senatus
765 2203 908 2267 consulto
927 2203 968 2266 ad
989 2204 1144 2288 populum
1160 2204 1311 2279 tulerunt,

285 2315 333 2360 'ue
346 2296 462 2360 tribuni
479 2295 616 2359 militum
633 2317 671 2360 eo
686 2317 769 2360 anno
785 2294 934 2382 suffragls
953 2307 1144 2374 crearentur,
1163 2296 1220 2362 sed
1237 2318 1312 2361 con-

275 2409 282 2452 r
303 2390 390 2455 sulum
403 2402 649 2477 praetorumque
662 2390 696 2453 in
708 2394 735 2454 ls
748 2389 903 2455 faciendis
916 2390 1069 2455 iudicium
1082 2390 1310 2472 arbitriumque

275 2489 278 2560 i
304 2498 379 2550 aret
429 2485 513 2549 inter
539 2495 699 2568 praetores
725 2484 770 2549 ita
799 2485 917 2569 partita
942 2484 1089 2570 imperia:
1121 2495 1344 2570 praetorem,6

305 2577 381 2643 ouius
395 2600 462 2644 sors
479 2577 609 2655 fuisset,
637 2591 673 2642 ut
689 2577 749 2643 iret
767 2599 831 2661 quo
849 2589 978 2643 senatus
997 2578 1185 2654 censuisset,
1205 2577 1312 2641 Brim-

308 2670 407 2737 disium
429 2673 472 2738 ad
504 2672 638 2737 classem
668 2672 714 2737 ire
741 2672 861 2757 placuit
887 2684 982 2756 atquc
1014 2672 1059 2735 ibi
1085 2690 1344 2757 recognosceret

306 2765 390 2831 socios
411 2766 544 2832 navales
571 2765 772 2850 dimissisque
799 2765 826 2829 si
852 2767 909 2849 qui
935 2787 1047 2851 parum
1074 2766 1181 2831 idonei
1207 2777 1312 2831 essent

305 2862 545 2946 supplementum
569 2861 677 2946 legere
703 2883 743 2924 ex
767 2860 922 2925 libertinis
949 2871 981 2925 et
1007 2861 1083 2925 dare
1105 2882 1251 2946 operam,
1277 2870 1313 2924 ut

306 2952 373 3020 duae
393 2949 501 3042 partes
524 2955 642 3019 civium
664 2955 897 3032 Romanorum,
924 2956 1018 3019 tertia
1039 2956 1198 3021 sociorum
1219 2966 1312 3021 esset.

306 3062 484 3114 commeatus
503 3050 597 3114 classi
613 3048 858 3136 legionibusque
876 3060 913 3113 ut
930 3071 970 3113 ex
980 3047 1090 3115 Sicilia
1100 3048 1311 3130 Sardiniaque
1330 3066 1345 3112 8

275 3201 278 3210 .
307 3141 553 3220 subveherentur,
580 3144 793 3229 praetoribus,
822 3141 908 3229 [qui]
931 3166 985 3209 eas
1010 3144 1189 3229 provincias
1212 3142 1312 3206 sortiti

307 3248 408 3314 orent,
430 3238 576 3302 mandari
592 3238 726 3323 placuit,
749 3249 785 3301 ut
802 3239 916 3302 alteras
935 3238 1085 3303 decumas
1103 3236 1219 3303 Siculis
1237 3234 1313 3300 Sar·

309 3328 403 3413 disque
418 3332 622 3418 imperarent,
641 3332 729 3415 quod
744 3331 940 3397 frumentum
955 3332 996 3396 ad
1010 3333 1184 3399 exercitum
1196 3330 1313 3395 inMa·

308 3424 455 3490 tcdcniam
476 3437 665 3512 portaretur.
709 3424 853 3492 Siciliam
873 3423 912 3491 C.
932 3423 1087 3492 Caninius
1110 3427 1242 3492 Rebilus
1265 3437 1312 3490 est
1331 3445 1345 3491 9

309 3519 428 3596 sortitus,
446 3520 487 3585 L.
505 3520 624 3585 Furius
640 3519 755 3586 Philus
774 3519 966 3598 Sardiniam,
986 3519 1042 3607 [L.
1062 3519 1235 3587 Canuleius
1252 3521 1313 3584 Ηί-

309 3611 466 3700 spaniam,]
493 3612 533 3679 C.
558 3613 718 3700 Sulpicius
740 3613 848 3682 Galba
874 3615 1029 3679 urbanam
1055 3615 1312 3692 iurisdictionem,

310 3701 341 3768 lr.
355 3706 468 3773 Villius
490 3709 628 3773 Annalis
649 3709 731 3775 inter
752 3709 952 3795 peregrinos3
976 3706 1014 3774 C.
1033 3708 1184 3773 Lucretio
1208 3708 1313 3784 Galle,

308 3818 360 3883 qno
375 3814 502 3868 senatus
520 3803 704 3880 censuisset,
723 3825 790 3869 sors
808 3803 947 3868 obvenit.

358 3897 512 3962 XXXII.
539 3895 627 3963 Inter
638 3898 783 3963 consules
798 3899 902 3983 magis
916 3897 1073 3962 cavillatio
1088 3918 1184 3981 quam
1198 3920 1314 3981 magna
1333 3915 1346 3961 1

308 3994 452 4057 contentio
470 3992 511 4057 de
527 3992 692 4078 provincia
708 3992 779 4056 fuit.
815 3989 947 4057 Cassius
964 3992 1031 4059 sine
1050 4003 1134 4056 sorte
1152 4014 1185 4056 se
1203 3991 1314 4054 Mace·

307 4081 422 4151 doniam
447 4097 630 4172 optaturum
662 4087 803 4161 dicebat,
834 4108 894 4151 nec
926 4109 1019 4172 posse
1046 4087 1202 4170 collegam
1227 4084 1314 4147 salvo

304 4175 516 4245 iureiurando
539 4203 648 4246 secum
671 4181 788 4245 sortiri:
811 4191 989 4266 praetorem
1008 4202 1081 4246 eum
1098 4180 1197 4253 enim,
1220 4201 1260 4243 ne
1282 4178 1348 4247 ins

304 4275 488 4354 provinciam
500 4274 570 4351 iret,
586 4275 619 4338 in
633 4274 778 4340 contione
790 4274 922 4353 iurasse,
936 4299 971 4341 se
985 4285 1065 4340 stato
1079 4273 1149 4337 loco
1163 4273 1315 4357 statisque
