3359 5092
508 541 627 598 arnna
643 542 1093 613 xxxxn‚ae.ar.[a.c.1sa]
1274 532 1319 600 49

285 703 347 769 bus
364 700 490 777 Persei,
509 700 568 766 sed
584 700 713 787 egregie
723 698 787 787 [m]
802 700 866 766 fide
884 724 1080 786 permanere,
1098 702 1318 789 pollicitosque

285 796 410 873 omnia,
429 816 514 880 quae
529 796 667 881 populus
684 795 851 861 Romanus
869 796 1070 882 imperasset,
1092 810 1317 883 praestaturos.

289 903 321 957 ct
335 890 485 956 civitates
505 888 607 954 socias
625 889 743 966 adisse3
762 901 885 955 ceteras
898 889 975 954 satis
993 890 1084 967 fidas,
1102 892 1245 957 Rhodios
1259 894 1319 958 flu-

291 983 429 1051 ctuantis
450 994 483 1050 et
509 983 639 1049 inbutos
661 983 773 1048 Persei
795 984 923 1049 consilis
950 984 1119 1050 invenisse.
1167 997 1352 1055 venerante

288 1079 396 1147 Rhodi
412 1078 513 1164 legati
530 1077 573 1143 ad
591 1077 760 1164 purganda
777 1101 826 1156 ea,
845 1101 927 1164 quae
945 1080 1041 1165 volgo
1054 1079 1165 1144 iactari
1184 1082 1223 1146 de
1241 1081 1319 1145 civi-

288 1187 353 1240 tate
371 1172 517 1239 sciebant
522 1196 531 1249 3
550 1182 691 1238 ceterum
708 1184 854 1237 senatum
871 1173 910 1237 iis
928 1193 993 1238 non
1006 1171 1101 1259 [dari
1119 1174 1206 1259 prius
1221 1196 1319 1258 quam

290 1266 382 1355 no]vi
400 1268 549 1332 consules
567 1266 791 1353 magistratum
807 1267 950 1345 inissent,
967 1267 1098 1353 placuit.

351 1361 507 1427 XXVII.
532 1361 617 1426 Belli
643 1371 831 1447 apparatum
857 1385 922 1426 non
949 1361 1162 1428 differendum
1188 1384 1353 1435 censue-1

290 1468 373 1523 runt.
401 1454 442 1522 C.
453 1454 579 1521 Licinio
596 1457 735 1542 praetori
753 1457 918 1543 negotium
932 1457 1035 1535 datur,
1053 1470 1090 1522 ut
1107 1480 1147 1523 ex
1160 1457 1319 1523 veteribus

292 1549 574 1638 quinqueremibus
587 1549 622 1614 in
635 1550 803 1615 navalibus
816 1550 940 1616 Romae
955 1551 1129 1629 subductis,
1148 1573 1229 1636 quae
1246 1571 1320 1636 pos-

294 1657 361 1712 sent
377 1644 453 1710 usui
470 1665 555 1722 esse,
578 1644 721 1710 reficeret
741 1656 932 1730 pararetque
955 1668 1054 1711 naves
1077 1646 1318 1731 quinquaginta.

296 1737 409 1825 siquid
422 1739 466 1803 ad
479 1759 553 1803 eum
567 1760 736 1804 numerum
750 1739 944 1824 explendum
963 1739 1098 1817 deesset,
1114 1737 1152 1804 Ο.
1162 1741 1319 1804 Memmio
1340 1762 1355 1809 2

297 1834 434 1919 collegae
450 1832 485 1896 in
496 1830 637 1898 Siciliam
655 1832 816 1909 scriberet,
834 1845 871 1897 ut
885 1856 940 1898 eas
954 1855 1037 1917 quae
1054 1834 1089 1897 in
1098 1832 1209 1899 Sicilia
1221 1856 1320 1898 naves

301 1940 396 1995 essent
421 1928 568 1993 reficeret
594 1938 690 2011 atque
717 1927 894 2013 expediret,
921 1939 958 1993 ut
983 1928 1192 1993 Brimdisium
1217 1928 1320 2015 primo

302 2044 420 2108 quoque
444 2033 588 2107 tempore
609 2021 693 2087 mitti
718 2034 857 2107 possent.
899 2022 1003 2089 socios
1027 2024 1156 2088 navales
1182 2022 1353 2091 libertinis

303 2118 409 2184 ordinis
433 2116 469 2181 in
491 2116 606 2202 viginti
627 2127 661 2181 et
683 2117 824 2201 quinque
847 2139 946 2182 naves
969 2140 1009 2182 ex
1027 2117 1149 2183 civibus
1167 2117 1320 2182 Romanis

303 2209 334 2277 0.
346 2210 493 2278 Licinius
510 2221 638 2297 praetor
655 2210 792 2276 scribere
810 2212 930 2287 iussus,
948 2211 982 2275 in
999 2212 1141 2296 quinque
1159 2223 1191 2275 et
1208 2210 1320 2296 viginti

302 2327 399 2394 parem
413 2328 585 2370 numerum
596 2301 657 2370 Cn.
669 2302 808 2370 Sicinius
823 2306 915 2370 sociis
928 2306 1114 2392 imperaret3
1132 2307 1217 2371 idem
1229 2329 1321 2392 prae-

302 2413 344 2467 tor
357 2401 504 2487 peditum
522 2411 594 2464 octo
612 2399 708 2477 milia,
727 2400 975 2486 quadringentos
994 2397 1147 2486 [equites]
1166 2400 1207 2464 ab
1226 2400 1318 2463 sociis

302 2493 403 2562 Latini
418 2495 559 2560 nominis
573 2495 724 2581 exigeret.
751 2494 838 2561 hunc
855 2495 989 2559 militem
1003 2494 1059 2578 qui
1068 2494 1220 2559 Brundisi
1237 2493 1320 2558 acci-
1338 2519 1354 2564 4

304 2603 495 2677 perstatque
513 2591 548 2655 in
561 2590 787 2656 Macedoniam
802 2591 951 2667 mitteret,
969 2590 1012 2653 A.
1022 2590 1142 2654 Atilius
1153 2587 1320 2666 Serranus,

309 2686 360 2770 qui
378 2686 477 2772 priore
502 2708 586 2751 anno
609 2697 736 2772 praetor
757 2686 879 2763 fuerat,
905 2685 1068 2771 deligitur,
1096 2682 1157 2750 Cn.
1183 2683 1320 2751 Sicinius
1339 2705 1354 2752 5

302 2792 423 2868 praetor
447 2793 484 2846 ut
512 2781 686 2846 exercitum
706 2792 855 2866 paratum
877 2780 918 2845 ad
945 2780 1154 2846 traiciendum
1180 2780 1320 2845 haberet.

302 2873 336 2942 0.
360 2875 500 2962 Popillio
528 2875 650 2941 consuli
678 2899 718 2939 ex
745 2876 933 2941 auctoritate
960 2887 1088 2941 senatus
1115 2872 1154 2940 C.
1177 2875 1322 2939 Licinius

300 2981 422 3057 praetor
439 2970 564 3047 scribit,
582 2980 618 3035 ut
636 2980 668 3035 et
683 2969 842 3055 legionem
862 2969 1050 3047 secundam,
1072 2991 1155 3053 quae
1172 2992 1322 3034 maxume

300 3077 448 3133 veterana
465 3066 500 3130 in
516 3065 694 3151 Liguribus
713 3076 795 3142 erat,
819 3075 851 3130 et
870 3062 942 3151 [ex]
961 3069 1043 3129 socis
1060 3063 1170 3128 Latini
1187 3064 1323 3127 nominis

300 3173 448 3246 quattuor
465 3159 553 3225 milia
569 3160 723 3246 peditum,
743 3159 896 3225 ducentos
915 3159 1037 3242 equites
1055 3157 1161 3221 idibus
1178 3157 1323 3221 Februa·

300 3255 350 3320 riis
365 3254 521 3321 Brundisi
543 3255 654 3319 adesse
676 3253 809 3318 iuberet.
853 3252 914 3317 hac
932 3252 1032 3316 classe
1051 3260 1082 3316 et
1103 3250 1164 3314 hoc
1182 3250 1322 3316 exercitu
1341 3269 1356 3316 6

301 3345 359 3415 On.
386 3346 529 3415 Sicinius
564 3348 760 3433 provinciam
785 3346 1011 3411 Macedoniam
1046 3344 1188 3430 optinere
1223 3344 1324 3408 donec

302 3463 464 3508 successor
486 3442 608 3508 veniret
632 3442 754 3519 iussus,
781 3451 954 3527 prorogato
979 3439 1013 3504 in
1035 3462 1154 3503 annum
1180 3438 1322 3524 imperio.

302 3559 338 3602 ca
354 3536 473 3612 omnia,
491 3557 574 3620 quae
592 3546 720 3601 senatus
739 3535 871 3611 censuit,
889 3534 1013 3619 inpigre
1030 3533 1116 3598 facta
1133 3544 1216 3596 sunt.
1245 3533 1324 3597 duo·
1342 3552 1355 3597 t

302 3629 553 3716 dequadraginta
570 3629 813 3714 quinqueremes
832 3652 872 3694 ex
889 3628 1056 3693 navalibus
1074 3627 1229 3692 deductae
1235 3652 1244 3705 ;
1268 3627 1325 3709 qui

301 3724 473 3790 deduceret
489 3747 543 3790 eas
561 3723 783 3799 Brundisium,
802 3722 843 3787 L.
857 3721 992 3787 Porcius
1009 3721 1143 3785 Licinus
1162 3720 1325 3807 praeposi-

300 3831 366 3896 tus3
393 3817 563 3883 duodecim
585 3839 625 3882 ex
648 3816 758 3883 Sicilia
779 3817 905 3880 missae.
949 3815 991 3879 ad
1012 3814 1208 3880 frumentum
1231 3815 1324 3879 classi
1342 3834 1358 3883 8

300 3912 518 3996 exercituique
540 3912 750 3976 coemendum
772 3910 806 3975 in
823 3909 977 3995 Apuliam
996 3906 1243 3991 Calabriamque
1261 3918 1324 3972 tres

297 4009 398 4095 legati
416 4005 520 4083 missi,
549 4004 625 4072 Sex.
643 4004 801 4090 Digitius,
824 4004 864 4067 Τ.
882 4004 1063 4080 Iuventius,
1086 4003 1134 4065 M.
1155 4000 1323 4067 Caecilius.

296 4101 469 4170 adomnia
490 4111 678 4186 praeparata
696 4095 758 4164 Cn.
778 4097 915 4164 Sicinius
933 4108 1073 4184 praetor,
1097 4097 1266 4183 paludatus
1285 4117 1325 4159 ex

295 4198 380 4267 urbe
397 4195 572 4283 profectus,
589 4194 797 4259 Brundisium
814 4194 910 4260 venit.

350 4297 450 4343 uasat
457 4296 494 4341 nt
1143 4291 1160 4343 4
