3359 5092
234 553 272 600 vl
634 546 806 590 ADNOTATIO
822 545 945 589 culrlcx.

253 667 302 722 hil.
316 666 380 721 Lat.
390 666 460 721 bibl.
469 665 532 719 Pal.
542 664 627 720 Vind.
641 682 669 735 p.
679 664 714 718 49
724 682 775 735 sq,
794 663 944 737 Grynaeus
954 671 1047 723 autem
1057 685 1092 723 ne
1102 667 1338 748 significavitqm-

261 737 448 791 aurishcmum
487 734 626 789 ervenisse
641 734 710 788 satis
727 750 776 787 no·
794 735 867 804 dem,
881 735 930 790 uhi
944 736 981 790 ab
995 736 1056 791 eius
1069 737 1191 794 lectione
1205 741 1338 796 receden-

232 810 354 860 tumest.
385 752 776 872 lbiagimoncGrynacoin·
794 804 859 857 dum
882 821 943 859 esse
965 804 1019 858 sibi
1044 807 1194 875 putaverit.
1240 808 1338 879 Neque

231 880 333 928 ventus
351 878 394 928 est
417 888 491 926 anno
510 872 611 939 152713
640 875 724 941 atque
747 870 777 924 id
794 873 869 942 quod
877 873 925 927 ille
938 874 1126 953 praetermisit
1136 876 1173 930 ab
1183 877 1337 932 editoribus

232 942 346 1013 quidem
367 942 459 1011 ipsum
481 940 538 996 iam
556 939 669 995 aliunde
693 946 777 995 antea
793 941 1004 1011 insequentibus
1012 942 1119 997 factum
1129 951 1180 999 est.
1198 945 1338 1001 Disseruit

232 1027 407 1079 noveramus,
419 1009 530 1079 quando
540 1025 605 1064 vero
614 1007 720 1063 sactum
730 1008 775 1077 sit,
793 1010 907 1079 quidem
916 1010 952 1065 de
961 1010 1338 1070 codicePetrusLambecius

231 1079 263 1134 id
271 1079 357 1149 paulo
369 1078 527 1133 accuratius
537 1094 621 1147 quam
632 1081 717 1132 antea
725 1094 776 1130 nu·
793 1079 822 1132 in
830 1077 1299 1157 bibliothecaeVindobonensissv
1299 1087 1337 1138 in·

231 1149 353 1220 perrime
367 1148 478 1202 demum
487 1147 580 1201 edocti
594 1163 689 1199 sumus
702 1146 777 1201 litte·
793 1147 858 1202 dob.
869 1149 974 1203 a.1665
1000 1147 1047 1202 lib.
1057 1149 1087 1202 11
1097 1167 1160 1219 cap.
1170 1152 1253 1220 Vlll,
1264 1171 1338 1207 num.

231 1216 270 1272 ris
284 1217 408 1272 ciusdem
423 1215 549 1287 Grynaei
564 1215 600 1269 ad
613 1214 777 1285 Philippum
793 1215 953 1271 CCLXXX
980 1217 1028 1270 112
1037 1218 1239 1290 etexiguoscri
1260 1228 1339 1277 turae

231 1285 460 1341 Melanchtonem
472 1315 507 1325 -
521 1300 556 1339 ca
570 1283 643 1339 enim
656 1283 776 1337 nominis
793 1286 944 1356 specimine
958 1285 1054 1340 addito
1064 1286 1160 1341 docuit
1185 1293 1216 1343 ‘v
1247 1291 1282 1345 de
1291 1309 1338 1346 ne·

230 1353 323 1409 forma
336 1354 424 1409 utitur
436 1353 497 1435 ipse
511 1384 547 1392 -
561 1351 648 1421 datis,
663 1368 733 1421 quas
747 1352 775 1406 in
793 1355 944 1409 cessarium
954 1372 1024 1423 esse,
1038 1361 1070 1409 ut
1078 1355 1128 1410 illa
1137 1329 1280 1429 (Grynaei
1290 1367 1338 1424 sc.)

230 1422 547 1479 bibliothecaunrvlitt.
553 1420 589 1474 Li
611 1421 709 1476 aiensis
719 1438 775 1500 ser·
793 1423 879 1477 editio
889 1423 1022 1493 cumipse
1033 1425 1195 1481 authentico
1206 1427 1282 1482 Msto
1292 1430 1338 1483 ad-

229 1499 311 1548 vatas
325 1492 414 1547 edidit
426 1490 578 1544 Mauricius
589 1439 734 1558 {lauptius
748 1507 776 1543 m
792 1493 848 1546 huc
857 1492 943 1547 semel
953 1508 971 1545 a
980 1492 1072 1562 capite
1083 1493 1120 1547 ad
1130 1495 1239 1551 calcem
1250 1502 1338 1552 atten-

230 1561 289 1614 ind.
314 1560 401 1614 schol.
427 1561 501 1612 univ.
525 1557 618 1612 Bcrol.
641 1559 725 1613 hiem.
750 1575 775 1612 a.
792 1560 898 1615 tissime
917 1561 1181 1632 accuratissimeque
1200 1566 1337 1621 conferre-

231 1629 390 1697 1856f5ap.
400 1628 417 1682 6
427 1643 487 1707 sqq.
514 1626 557 1679 Ex
567 1625 775 1707 exemplariillo
792 1628 855 1682 tur.’
892 1627 1045 1699 Superesse
1060 1631 1134 1685 enim
1143 1633 1337 1701 profectonon

230 1695 546 1752 tumLaureshamrensi
562 1711 684 1775 qumque
699 1695 729 1748 ht
742 1696 776 1748 lr-
793 1697 933 1752 mediocre
942 1698 1110 1752 variantium
1119 1700 1276 1757 lectionum
1285 1703 1334 1783 spi·

230 1765 275 1821 bri
292 1765 322 1818 in
340 1766 384 1820 ed.
399 1764 474 1818 Livii
491 1764 649 1818 Basileensr
668 1781 693 1819 a.
708 1764 775 1818 1531
793 1766 933 1838 cilegium.
951 1766 986 1821 Id
995 1784 1059 1822 vero
1069 1768 1251 1840 spicilegium
1262 1772 1335 1827 ‘altas

231 1835 308 1904 apud
317 1834 520 1905 Hieronymum
534 1832 705 1890 Frobenium
718 1832 774 1902 pri·
793 1853 901 1889 summa
914 1835 1052 1889 industria
1061 1842 1089 1890 et
1103 1834 1173 1892 iide’
1187 1857 1218 1894 se
1234 1840 1335 1895 exhibi-

230 1921 306 1957 mum
321 1903 390 1958 editi
404 1906 470 1956 sunt
483 1919 547 1955 cum
559 1901 701 1957 Desiderii
715 1902 775 1971 qui·
791 1910 884 1958 turum
907 1921 967 1959 esse
988 1905 1125 1974 promittit
1148 1907 1179 1960 in
1226 1908 1338 1964 eculiari

231 1972 409 2027 demErasmi
418 1971 603 2042 praefatione,
613 1971 774 2041 ipsamvero
792 1974 914 2097 gandam
924 1973 1119 2029 dissertatione
1134 1976 1180 2031 ‘de
1211 1978 1338 2033 uodecim

228 2057 289 2095 rem
305 2057 375 2110 uno,
404 2045 436 2094 ut
457 2039 580 2108 videtur,
606 2045 775 2110 procurante
817 2041 943 2095 odioibus
952 2040 1338 2101 MetisHistoriaeRomanae

231 2108 372 2180 Grynaeo.
409 2107 501 2189 Quam
511 2108 628 2162 arduum
642 2109 775 2189 hocopus
793 2110 938 2178 TitiLivii,
946 2110 993 2180 qui
1002 2127 1059 2164 una
1069 2128 1131 2165 cum
1141 2114 1263 2185 triginta
1272 2116 1339 2169 dua-

229 2177 362 2233 fueritin
379 2176 556 2248 praefatrone
576 2194 638 2231 cum
655 2194 775 2231 maxime
791 2180 844 2233 bus
855 2179 978 2233 eiusdem
988 2179 1121 2235 historiae
1130 2182 1273 2251 primariis
1283 2184 1339 2239 cdi·

229 2247 348 2302 laudata
367 2250 517 2318 ‘generoso
533 2245 707 2301 adolescenti
721 2244 773 2300 Ca·
792 2247 915 2303 tionibus
932 2247 1074 2317 impressis
1091 2249 1120 2301 in
1139 2252 1340 2322 augustissima

228 2315 290 2370 rolo
312 2314 461 2370 Montioio’
488 2314 602 2396 exponit
627 2315 774 2369 Erasmus:
792 2316 965 2371 bibliotheca
974 2315 1115 2372 Caesarea
1125 2320 1338 2387 adservantur'3

230 2383 548 2456 ‘Archetypum’inqurt
557 2386 628 2437 ‘erat
637 2384 774 2437 admiran-
793 2391 822 2439 at
845 2385 907 2438 isa
929 2385 979 2438 illa
1002 2385 1161 2441 dissertatio
1184 2406 1336 2459 numquam

230 2453 284 2508 dae
298 2453 461 2523 uetustatis,
477 2452 571 2523 prisco
584 2469 661 2507 mors
674 2469 774 2532 perpe·
792 2403 904 2525 prodiit.
948 2451 1136 2516 Quamobrem
1154 2456 1335 2513 Drakenbor-

228 2528 279 2578 tua
296 2523 452 2577 litterarum
472 2522 544 2577 serie
562 2521 605 2575 ita
623 2521 658 2575 de
679 2527 773 2589 ictum,
792 2523 884 2590 chius,
908 2521 956 2591 qui
977 2521 1065 2590 probe
1083 2523 1284 2597 intellegebat,
1307 2541 1336 2579 se

228 2597 261 2647 ut
284 2590 480 2646 difficillimum
505 2590 591 2645 fuerit
617 2606 667 2644 uer
687 2606 734 2642 um
757 2587 873 2645 ahuius
883 2590 987 2644 codicis
997 2607 1049 2643 usu
1059 2592 1176 2647 editioni
1186 2598 1337 2650 suae‘ma·

228 2661 316 2717 nerbo
326 2661 465 2729 dirimere,
484 2660 540 2714 nisi
553 2659 645 2726 docto,
667 2662 773 2712 attento
791 2677 878 2731 gnum
897 2659 983 2713 decus
1001 2659 1229 2715 conciliaturum'
1250 2663 1338 2730 esse3,

229 2735 258 2786 et
270 2730 301 2783 in
318 2729 372 2783 hoc
390 2730 481 2799 ipsum
494 2728 655 2782 exercitato.
690 2726 774 2780 Vnde
793 2733 820 2783 et
828 2728 921 2782 varias
931 2728 991 2781 eius
999 2727 1134 2783 lectiones
1143 2730 1270 2783 nancisci
1279 2746 1338 2783 ma-

228 2814 286 2854 non
298 2814 399 2868 parum
412 2796 524 2867 negocii
536 2794 592 2849 fuit
604 2794 633 2847 in
646 2793 774 2873 parando
791 2811 916 2867 gnopere
926 2794 1059 2864 cupiebat
1072 2801 1102 2851 et
1114 2797 1266 2866 indefessa,
1281 2814 1338 2867 qua

227 2862 774 2990 3t⁰ttlatt⁰tltltt¹tp¹ltt⁰ltt
791 2870 883 2987 tlte
899 2863 1048 2986 that?
1064 2866 1339 2991 tessellati

228 3021 296 3059 nore
320 3020 387 3058 cura
406 2999 490 3072 quam
511 3000 568 3056 fide
588 2999 774 3071 aduigilatum
790 3006 880 3057 tratas
899 3001 960 3055 orbi
982 3000 1092 3056 erudito
1110 3003 1264 3058 exhibendi
1325 3022 1341 3058 a

229 3079 272 3130 est
304 3089 340 3128 nc
353 3088 471 3142 usquam
490 3070 519 3124 in
538 3068 722 3124 describendo
738 3068 774 3122 ab
791 3069 1006 3126 ratiodaretur.’
1034 3070 1089 3123 ‘Ad
1097 3070 1145 3139 id,’
1154 3071 1268 3141 inquies
1283 3074 1340 3128 ‘ob-

229 3114 383 3214 archetypo
400 3138 597 3197 recederetur!
640 3138 678 3192 Et
696 3154 773 3205 sane,
791 3140 937 3194 tinendum
950 3138 1056 3207 prolixe
1071 3155 1184 3209 operam
1198 3157 1282 3195 suam
1293 3143 1340 3197 oh·

226 3210 384 3283 temporum
401 3211 512 3265 illorum
533 3209 643 3264 ratione
665 3206 772 3273 hahita,
790 3209 856 3262 tulit
869 3206 1105 3276 Officiosissimus,
1124 3211 1162 3274 et,
1183 3224 1273 3277 quam
1293 3212 1340 3264 diu

228 3299 244 3338 e
280 3282 343 3353 egis
370 3296 486 3334 munere
513 3294 563 3332 suo
590 3277 704 3332 functus
731 3279 774 3330 cst
790 3276 871 3358 vixit,
887 3276 990 3346 optime
1004 3275 1039 3330 de
1053 3292 1097 3329 me
1110 3292 1231 3357 meoque
1249 3280 1280 3333 in
1295 3280 1341 3333 Li-

228 3345 773 3485 ...altatthlnattttettltttt
789 3343 1341 3484 lffilfffflhbsslllillliffill

227 3493 324 3543 nostro
341 3485 426 3541 hodic
439 3484 469 3539 in
482 3484 534 3538 tali
547 3484 646 3538 labore
661 3481 772 3552 perfici·
789 3484 855 3538 xiho
865 3482 1023 3552 impetrato,
1037 3485 1102 3549 post
1114 3482 1210 3537 varias
1229 3485 1342 3540 dilatio—

227 3557 302 3613 endo
314 3555 494 3625 requirimus,
509 3569 567 3608 non
580 3557 624 3608 est
637 3552 713 3621 quod
727 3567 772 3605 ex·
789 3569 849 3621 nes,
865 3556 894 3606 et
907 3566 985 3620 spem
994 3549 1084 3618 optati
1098 3566 1248 3606 successus
1257 3555 1343 3608 modo

226 3641 340 3698 ponam.
376 3624 451 3680 Nam
465 3639 528 3677 cum
545 3619 645 3675 unicus
662 3624 773 3675 tantum
789 3622 908 3689 factam,
935 3617 1018 3671 modo
1044 3617 1146 3671 itemm
1167 3623 1341 3689 praecisam,

226 3693 491 3766 pretiosissimarum
503 3691 586 3746 huius
596 3688 772 3760 antiquitatis
790 3689 862 3743 nihil
870 3687 985 3742 tandem
994 3685 1121 3740 obtinere
1131 3690 1235 3766 potuit.
1264 3692 1343 3745 Illud

225 3763 408 3833 reliquiarum
417 3762 506 3817 codex
518 3764 659 3841 superstes
673 3758 717 3828 sit,
733 3756 773 3811 ita
790 3764 884 3813 autem
901 3752 1066 3837 praesertim
1084 3760 1156 3833 votrs
1169 3759 1279 3813 nostrie
1294 3761 1342 3814 ob·

228 3849 292 3890 eum
309 3831 468 3887 hominibus
487 3830 577 3884 doctis
594 3833 692 3882 notum
710 3842 772 3881 esse
790 3832 865 3881 stare
874 3821 1292 3881 VrrlnlustnstsNieolaus
1308 3830 1344 3884 de

228 3903 345 3971 debere,
368 3905 556 3969 utnusquam
574 3897 609 3952 de
628 3897 688 3952 eius
705 3894 772 3949 scri-
790 3893 909 3961 Garelli,
924 3890 1081 3946 Caesareae
1095 3890 1294 3951 bibliothecae
1310 3915 1344 3953 eo

226 3975 312 4044 ptura
320 3969 445 4027 dubitari
456 3967 555 4040 possit,
573 3983 626 4037 per
637 3982 668 4021 sc
681 3967 771 4036 patet,
789 3970 915 4033 tempore
932 3958 1208 4038 praefectusquem
1227 3962 1345 4020 Gortius

791 4030 805 4086 ὁ
823 4034 972 4099 μακαρίτης
990 4030 1063 4079 mter
1080 4026 1152 4080 ahos
1170 4046 1224 4099 per
1243 4032 1346 4089 literas

252 4149 266 4190 1
281 4147 378 4198 ‘Nuper'
387 4157 411 4188 ss
420 4145 564 4187 bibliothecas
569 4141 596 4182 ab
606 4139 771 4190 ‘sayselbsrga
796 4135 958 4149 ·“···“”“·’“

226 4199 284 4242 haud
293 4200 325 4240 lta
333 4199 408 4250 procul
417 4199 477 4246 sitas,
491 4196 607 4247 praecipue
616 4203 669 4234 vsro
679 4191 772 4231 Dslhur-
814 4189 827 4227 a
839 4183 940 4233 Repetite
952 4182 1006 4221 haec
1020 4182 1120 4223 luventas
1133 4185 1157 4224 ln
1167 4185 1202 4224 od.
1213 4187 1277 4229 leil
1288 4192 1346 4230 Dm.

226 4255 314 4304 aunam
328 4255 350 4292 et
360 4255 490 4292 horsenssm
503 4246 648 4298 perlustrasse
659 4243 772 4293 Grynaeus
789 4235 949 4279 kenborchlana
957 4234 1005 4281 XV,
1015 4236 1034 4281 1,
1045 4236 1083 4274 ⁴28
1088 4246 1136 4284 sqq.
1146 4236 1181 4275 ed.
1193 4238 1278 4289 Stnttg.

227 4307 281 4347 dicit
294 4307 318 4346 tn
331 4305 400 4345 literis
414 4312 479 4352 supra
492 4297 594 4343 laudatis,
610 4306 664 4346 quas
678 4295 771 4343 scriptas
814 4291 827 4329 8
842 4288 869 4326 V·
880 4286 926 4325 elus
940 4286 1008 4336 praei.
1019 4286 1046 4324 ad
1060 4286 1164 4326 lectorem
1178 4287 1230 4329 Ην.
1241 4295 1258 4330 t.
1271 4293 1320 4340 xv¹
1333 4296 1345 4334 1

226 4361 279 4400 sunt
292 4356 469 4410 ‘Heydslbergac
478 4352 517 4396 vl.
527 4349 558 4392 id.
567 4347 636 4390 Vllbr.
650 4357 686 4388 su.
701 4345 731 4386 tt.
741 4345 770 4385 D.
789 4353 811 4392 p.
822 4337 892 4379 Olssll
902 4337 936 4377 ed.
947 4338 1026 4385 Stuttg.

225 4409 323 4455 mlv
814 4392 827 4433 4
841 4389 897 4431 lbld.
906 4399 929 4440 p.
941 4387 1017 4430 cxlv.
