3359 5092
493 515 610 574 urana
626 515 783 587 xxxxv,
802 515 846 571 40.
859 517 903 572 41.
923 513 1002 586 [ac.
1012 515 1075 588 rar]
1235 503 1297 570 191

285 677 389 742 ellare
415 696 491 740 cum
511 672 665 740 Romanis
688 672 804 759 coepit.
846 673 916 760 ipse
937 685 1099 760 postremo
1119 674 1243 742 Paulus
1266 676 1334 744 int

285 793 374 848 urru,
391 792 544 855 magnam
560 792 637 834 cum
658 768 815 854 dignitate
833 769 897 833 alia
913 770 1068 855 corporis,
1086 782 1155 835 tum
1173 783 1300 837 senecta

285 887 337 950 psa
353 863 557 930 maiestatem
574 886 651 949 prae
670 886 706 928 se
723 862 845 940 ferens3
866 860 966 951 [post]
978 886 1105 929 currum
1123 865 1207 931 inter
1221 865 1299 931 alios

285 960 405 1024 llrrstres
428 958 514 1023 viros
535 957 582 1022 fili
604 958 684 1035 duo,
710 955 783 1044 [Q]
802 957 969 1023 Maximus
988 970 1020 1024 et
1037 958 1077 1023 Ρ.
1096 958 1221 1045 Scipio;
1244 960 1300 1026 de-

285 1054 342 1119 'ude
360 1052 485 1137 equites
502 1053 666 1117 turmatim
685 1065 718 1118 et
742 1053 889 1119 cohortes
906 1054 1051 1139 peditum
1069 1055 1135 1119 suis
1152 1076 1299 1139 quaeque
1359 1117 1364 1127 ,

285 1148 443 1214 ordinibus.
487 1147 587 1233 pediti
610 1148 645 1211 in
667 1148 811 1233 singulos
834 1147 902 1214 dati
921 1146 1060 1234 [denari]
1081 1150 1220 1227 centeni,
1240 1150 1331 1214 du·5

285 1245 343 1330 plen
362 1242 565 1330 [centurioni
583 1242 713 1330 triplex]
734 1244 844 1328 equiti.
889 1254 1013 1309 tautum
1031 1243 1130 1330 pediti
1148 1244 1298 1309 daturum

285 1339 367 1406 luisse
385 1338 520 1404 eredunt
538 1349 571 1403 et
593 1360 652 1424 pro
673 1349 744 1403 rata
761 1338 846 1415 aliis,
871 1338 898 1402 si
916 1349 972 1403 aut
988 1360 1053 1403 non
1070 1338 1224 1425 refragati
1240 1339 1300 1403 ho·

285 1435 340 1498 ucri
356 1433 426 1499 eius
443 1432 594 1511 fuissent,
619 1444 676 1498 aut
692 1432 831 1519 benigne
848 1432 910 1498 bac
927 1432 999 1518 ipsa
1015 1456 1142 1498 summa
1158 1455 1299 1519 pronun·

286 1527 348 1593 tiata
364 1528 605 1593 acclamassent.

336 1620 402 1689 Sed
424 1644 490 1686 non
505 1620 645 1688 Perseus
668 1633 795 1687 tantum
817 1643 877 1707 per
893 1620 963 1686 illos
982 1620 1050 1686 dies
1073 1622 1299 1688 documentum
1317 1636 1331 1684 o

285 1713 482 1780 humanorum
504 1720 615 1781 castlm
638 1715 715 1792 fuit,
737 1715 771 1779 in
788 1713 909 1780 catenis
932 1726 1006 1781 aute
1024 1736 1155 1780 currum
1171 1716 1298 1781 victorie

285 1808 360 1875 ducis
377 1832 436 1897 per
449 1809 562 1875 urbem
577 1809 716 1874 hostium
731 1810 858 1886 ductus,
876 1809 1043 1874 sedetiam
1057 1809 1157 1875 victor
1165 1809 1299 1887 Paulus,

285 1925 348 1969 suro
364 1925 572 1990 purpuraque
590 1904 729 1990 fulgens.
756 1926 833 1968 nam
847 1903 973 1968 duobus
987 1926 1005 1969 e
1023 1904 1106 1981 liliis,
1124 1926 1205 1988 quos
1220 1905 1300 1971 duo-
1317 1921 1331 1967 s

285 1995 332 2063 bus
344 1998 426 2064 datis
440 1998 474 2063 in
488 1998 690 2083 adoptionem
704 1997 788 2062 solos
801 1997 949 2076 nominis,
965 2019 1128 2063 sacrorum
1144 1998 1299 2064 familiae-

285 2111 334 2176 que
355 2092 490 2158 heredes
512 2091 687 2157 retinuerat
705 2092 807 2168 domi,
832 2093 953 2170 minor,
979 2092 1080 2158 ferme
1101 2091 1297 2180 [duodecim]

285 2208 370 2254 annos
398 2197 508 2264 natus,
539 2185 681 2270 quinque
707 2185 821 2252 diebus
847 2198 922 2251 ante
953 2187 1167 2272 triumphum,
1199 2187 1300 2251 maior

285 2282 525 2366 quattuordecim
542 2303 699 2346 annorum
716 2281 822 2345 triduo
840 2292 914 2366 post
936 2280 1135 2366 triumphum
1152 2279 1297 2355 decessit,

285 2397 351 2462 quos
366 2387 583 2463 praetextatos
597 2398 693 2441 curru
707 2375 781 2440 vehi
798 2398 872 2441 eum
889 2385 990 2460 patre,
1009 2375 1069 2440 sibi
1087 2375 1174 2459 ipsos
1188 2373 1297 2438 similis
1315 2393 1331 2441 8
1453 2457 1455 2462 Ι

285 2471 533 2556 praedestinantis
548 2468 736 2556 triumphos,
747 2480 940 2555 oportuerat.
963 2468 1075 2555 paucis
1089 2479 1162 2554 post
1175 2467 1297 2544 diebus,
1317 2487 1331 2535 9

285 2565 347 2632 lata
361 2590 382 2632 a
399 2567 449 2631 Μ.
466 2565 609 2630 Antonio
632 2564 761 2630 tribuno
780 2565 885 2650 plebis
904 2564 1065 2639 contione,
1084 2586 1158 2629 cum
1175 2561 1216 2627 de
1233 2561 1299 2627 suis

285 2660 367 2726 rebus
384 2660 483 2747 gestis
498 2681 585 2725 more
600 2671 780 2725 ceterorum
794 2659 1024 2743 imperatorum
1038 2658 1216 2734 dissereret,
1233 2678 1300 2722 me-

285 2755 433 2820 morabilis
451 2754 519 2819 eius
537 2753 638 2819 oratio
656 2764 689 2818 et
706 2754 805 2840 digna
821 2751 968 2818 Romano
986 2752 1129 2838 principe
1146 2751 1217 2819 fuit.

335 2847 511 2914 XXXXI.
538 2845 761 2931 ‘Quamquam
783 2857 816 2912 et
840 2868 906 2931 qua
928 2846 1079 2913 felicitate
1104 2869 1172 2914 rem
1194 2846 1332 2932 publi-1

285 2942 639 3008 cumadministraverim
654 2957 687 3005 et
698 2940 809 3028 [quae]
821 2943 885 3007 duo
901 2942 1036 3008 fulmina
1050 2941 1182 3007 domum
1195 2964 1300 3007 meam

285 3057 333 3122 per
346 3037 406 3102 hos
423 3036 491 3102 dies
509 3036 711 3123 perculerint,
729 3058 795 3101 non
812 3036 960 3124 ignorare
977 3059 1050 3114 vos,
1069 3034 1227 3118 Quirites,
1250 3059 1300 3099 ar·

285 3129 381 3209 bitror,
401 3154 475 3197 cum
493 3133 675 3218 spectaculo
690 3133 781 3197 vobis
794 3155 881 3198 nunc
898 3132 1078 3218 triumphus
1095 3154 1197 3208 meus,
1214 3151 1300 3194 nunc

285 3225 387 3294 funera
404 3227 576 3293 liberorum
599 3248 744 3292 meorum
766 3227 900 3306 fuerint,
923 3239 1031 3292 tamen
1052 3225 1162 3312 paucis
1180 3245 1300 3309 quaeso
1319 3243 1334 3291 2

285 3321 383 3387 sinatis
402 3346 454 3388 me
472 3345 545 3386 cum
563 3322 693 3407 publica
710 3321 861 3388 felicitate
876 3344 1050 3408 conparare
1068 3341 1106 3386 eo
1120 3341 1185 3404 quo
1198 3317 1300 3384 debeo

285 3418 379 3482 auimo
406 3418 564 3502 privatam
590 3439 695 3482 meam
727 3416 899 3482 fortunam.
951 3415 1114 3502 profectus
1140 3438 1180 3480 ex
1205 3414 1334 3481 Italiac

285 3509 409 3577 classem
427 3534 448 3576 a
463 3512 637 3576 Brundisio
654 3512 721 3576 sole
739 3524 809 3578 orto
827 3512 923 3590 solvi,
944 3534 1030 3577 nona
1047 3510 1110 3575 diei
1132 3509 1210 3576 hora
1228 3532 1302 3576 cum

285 3608 423 3673 omnibus
447 3607 527 3672 meis
554 3608 689 3672 navibus
713 3605 875 3695 Corcyrae
898 3604 1002 3692 tenu[i
1028 3603 1183 3692 portu]m.
1227 3606 1300 3672 inde

285 3701 385 3784 quinto
412 3701 464 3768 die
491 3701 627 3787 Delphis
651 3702 795 3787 Apollini
824 3725 883 3788 pro
909 3725 961 3767 me
988 3699 1243 3785 exercitibusque
1270 3711 1302 3766 et

285 3793 431 3862 classibus
452 3796 625 3862 lustrandis
648 3796 833 3862 sacrificavi.
877 3818 897 3864 a
914 3795 1052 3881 Delphis
1070 3795 1180 3880 quinto
1198 3795 1251 3862 die
1267 3796 1301 3862 in
1319 3812 1335 3858 4

285 3902 379 3957 casua
395 3892 543 3977 perveni;
560 3891 618 3956 ubi
635 3892 777 3957 exercitu
793 3902 935 3977 accepto,
953 3891 1082 3956 mutatis
1097 3888 1299 3975 quibusdam,

285 4003 359 4068 quae
384 4009 505 4073 magna
535 3986 763 4073 impedimenta
789 3985 941 4052 victoriae
968 3996 1071 4062 erant,
1103 4004 1301 4071 progressus,

285 4079 352 4162 quia
376 4080 640 4167 inexpugnabilia
663 4078 795 4167 [castra]
823 4079 964 4146 hostium
989 4090 1080 4146 erant
1103 4098 1208 4161 neque
1231 4075 1303 4159 cogi

285 4192 421 4262 pugnare
437 4186 562 4263 poterat
578 4200 650 4255 rex,
672 4176 755 4242 inter
776 4175 936 4262 praesidia
954 4176 1022 4242 eius
1045 4173 1162 4239 saltum
1179 4168 1221 4234 ad
1237 4168 1302 4234 Pe·

285 4277 359 4337 tram
374 4271 465 4339 evasi
482 4282 514 4336 et
536 4271 579 4337 ad
594 4270 744 4357 Pydnam
762 4293 874 4357 regem
891 4271 959 4337 acie
976 4269 1053 4345 vici,
1076 4262 1302 4348 Macedoniam
1320 4283 1335 4330 o
