<?xml version="1.0" encoding="UTF-8"?>
<!DOCTYPE html PUBLIC "-//W3C//DTD XHTML 1.0 Transitional//EN"
    "http://www.w3.org/TR/xhtml1/DTD/xhtml1-transitional.dtd">
<html xmlns="http://www.w3.org/1999/xhtml" xml:lang="en" lang="en">
 <head>
  <title>
</title>
<meta http-equiv="Content-Type" content="text/html;charset=utf-8" />
  <meta name='ocr-system' content='tesseract 3.04.00' />
  <meta name='ocr-capabilities' content='ocr_page ocr_carea ocr_par ocr_line ocrx_word'/>
</head>
<body>
  <div class='ocr_page' id='page_1' title='image "./titiliviaburbec02weisgoog_0186.png"; bbox 0 0 3359 5092; ppageno 0'>
   <div class='ocr_carea' id='block_1_1' title="bbox 348 517 1156 598">
    <p class='ocr_par' dir='ltr' id='par_1_1' title="bbox 348 517 1156 598">
     <span class='ocr_line' id='line_1_1' title="bbox 348 517 1156 598; baseline -0.002 -12"><span class='ocrx_word' id='word_1_1' title='bbox 348 517 411 586; x_wconf 83' lang='lat'><strong>112</strong></span> <span class='ocrx_word' id='word_1_2' title='bbox 539 527 864 598; x_wconf 78' lang='lat' dir='ltr'><strong>LIBnRxxxxlm,</strong></span> <span class='ocrx_word' id='word_1_3' title='bbox 883 529 949 584; x_wconf 86' lang='grc'><strong>5.6.</strong></span> <span class='ocrx_word' id='word_1_4' title='bbox 969 525 1156 596; x_wconf 73' lang='lat' dir='ltr'><strong>[anabfib]</strong></span> 
     </span>
    </p>
   </div>
   <div class='ocr_carea' id='block_1_2' title="bbox 297 683 1402 4354">
    <p class='ocr_par' dir='ltr' id='par_1_2' title="bbox 297 683 1402 4354">
     <span class='ocr_line' id='line_1_2' title="bbox 349 683 1356 770; baseline -0.002 -17"><span class='ocrx_word' id='word_1_5' title='bbox 349 688 444 753; x_wconf 91' lang='lat' dir='ltr'><strong>simul</strong></span> <span class='ocrx_word' id='word_1_6' title='bbox 461 709 534 752; x_wconf 90' lang='lat' dir='ltr'><strong>eum</strong></span> <span class='ocrx_word' id='word_1_7' title='bbox 548 686 644 750; x_wconf 90' lang='lat' dir='ltr'><strong>armis</strong></span> <span class='ocrx_word' id='word_1_8' title='bbox 657 686 779 770; x_wconf 81' lang='lat' dir='ltr'><strong>alisque</strong></span> <span class='ocrx_word' id='word_1_9' title='bbox 795 685 945 749; x_wconf 90' lang='lat' dir='ltr'><strong>oneribus</strong></span> <span class='ocrx_word' id='word_1_10' title='bbox 959 683 1130 749; x_wconf 86' lang='lat' dir='ltr'><strong>cumomni</strong></span> <span class='ocrx_word' id='word_1_11' title='bbox 1147 706 1266 770; x_wconf 80' lang='lat' dir='ltr'>genere</span> <span class='ocrx_word' id='word_1_12' title='bbox 1279 707 1356 751; x_wconf 82' lang='lat' dir='ltr'><strong>vena-</strong></span> 
     </span>
     <span class='ocr_line' id='line_1_3' title="bbox 347 776 1356 867; baseline -0.003 -20"><span class='ocrx_word' id='word_1_13' title='bbox 347 782 442 847; x_wconf 82' lang='lat' dir='ltr'>tionis</span> <span class='ocrx_word' id='word_1_14' title='bbox 464 792 700 867; x_wconf 90' lang='lat' dir='ltr'><strong>prooesserunt,</strong></span> <span class='ocrx_word' id='word_1_15' title='bbox 729 779 809 844; x_wconf 88' lang='lat' dir='ltr'><strong>adeo</strong></span> <span class='ocrx_word' id='word_1_16' title='bbox 833 776 900 864; x_wconf 89' lang='lat' dir='ltr'><strong>[ut]</strong></span> <span class='ocrx_word' id='word_1_17' title='bbox 919 802 959 844; x_wconf 92' lang='lat' dir='ltr'><strong>ne</strong></span> <span class='ocrx_word' id='word_1_18' title='bbox 977 778 1044 843; x_wconf 88' lang='lat' dir='ltr'><strong>dux</strong></span> <span class='ocrx_word' id='word_1_19' title='bbox 1065 777 1198 862; x_wconf 91' lang='lat' dir='ltr'><strong>quidem</strong></span> <span class='ocrx_word' id='word_1_20' title='bbox 1214 788 1248 844; x_wconf 91' lang='lat' dir='ltr'><strong>et</strong></span> <span class='ocrx_word' id='word_1_21' title='bbox 1265 790 1356 844; x_wconf 78' lang='lat' dir='ltr'><strong>auctor</strong></span> 
     </span>
     <span class='ocr_line' id='line_1_4' title="bbox 347 874 1357 960; baseline -0.004 -17"><span class='ocrx_word' id='word_1_22' title='bbox 347 877 468 943; x_wconf 90' lang='lat' dir='ltr'><strong>itineris</strong></span> <span class='ocrx_word' id='word_1_23' title='bbox 486 876 685 953; x_wconf 89' lang='lat' dir='ltr'><strong>infitiaretur,</strong></span> <span class='ocrx_word' id='word_1_24' title='bbox 704 898 804 960; x_wconf 86' lang='lat' dir='ltr'><strong>parva</strong></span> <span class='ocrx_word' id='word_1_25' title='bbox 820 897 918 938; x_wconf 90' lang='lat' dir='ltr'><strong>manu</strong></span> <span class='ocrx_word' id='word_1_26' title='bbox 937 874 1036 939; x_wconf 88' lang='lat' dir='ltr'><strong>deleri</strong></span> <span class='ocrx_word' id='word_1_27' title='bbox 1054 895 1183 940; x_wconf 88' lang='lat' dir='ltr'><strong>omnem</strong></span> <span class='ocrx_word' id='word_1_28' title='bbox 1199 874 1357 940; x_wconf 85' lang='lat' dir='ltr'><strong>exereitum</strong></span> 
     </span>
     <span class='ocr_line' id='line_1_5' title="bbox 314 967 1359 1056; baseline -0.005 -19"><span class='ocrx_word' id='word_1_29' title='bbox 314 992 328 1039; x_wconf 81' lang='lat' dir='ltr'><strong>e</strong></span> <span class='ocrx_word' id='word_1_30' title='bbox 347 971 497 1056; x_wconf 90' lang='lat' dir='ltr'><strong>potuisse.</strong></span> <span class='ocrx_word' id='word_1_31' title='bbox 541 981 635 1036; x_wconf 88' lang='lat' dir='ltr'><strong>noete</strong></span> <span class='ocrx_word' id='word_1_32' title='bbox 652 969 694 1034; x_wconf 88' lang='lat' dir='ltr'><strong>ad</strong></span> <span class='ocrx_word' id='word_1_33' title='bbox 711 967 871 1033; x_wconf 75' lang='lat' dir='ltr'><strong>modicam</strong></span> <span class='ocrx_word' id='word_1_34' title='bbox 887 967 1052 1053; x_wconf 83' lang='lat' dir='ltr'><strong>planitiem</strong></span> <span class='ocrx_word' id='word_1_35' title='bbox 1069 979 1298 1052; x_wconf 86' lang='lat' dir='ltr'><strong>pervenenmt,</strong></span> <span class='ocrx_word' id='word_1_36' title='bbox 1312 989 1359 1034; x_wconf 87' lang='lat' dir='ltr'><strong>neo</strong></span> 
     </span>
     <span class='ocr_line' id='line_1_6' title="bbox 347 1062 1360 1148; baseline 0 -19"><span class='ocrx_word' id='word_1_37' title='bbox 347 1086 445 1148; x_wconf 89' lang='lat' dir='ltr'><strong>quam</strong></span> <span class='ocrx_word' id='word_1_38' title='bbox 461 1064 596 1130; x_wconf 89' lang='lat' dir='ltr'><strong>infestus</strong></span> <span class='ocrx_word' id='word_1_39' title='bbox 617 1063 645 1129; x_wconf 89' lang='lat' dir='ltr'><strong>is</strong></span> <span class='ocrx_word' id='word_1_40' title='bbox 668 1063 757 1129; x_wconf 88' lang='lat' dir='ltr'><strong>loeus</strong></span> <span class='ocrx_word' id='word_1_41' title='bbox 775 1074 860 1128; x_wconf 92' lang='lat' dir='ltr'><strong>esset</strong></span> <span class='ocrx_word' id='word_1_42' title='bbox 882 1074 1011 1148; x_wconf 91' lang='lat' dir='ltr'><strong>saeptus</strong></span> <span class='ocrx_word' id='word_1_43' title='bbox 1029 1062 1173 1147; x_wconf 92' lang='lat' dir='ltr'><strong>undique</strong></span> <span class='ocrx_word' id='word_1_44' title='bbox 1191 1062 1360 1148; x_wconf 70' lang='lat' dir='ltr'><strong>ohoumspi·</strong></span> 
     </span>
     <span class='ocr_line' id='line_1_7' title="bbox 298 1155 1361 1243; baseline -0.008 -15"><span class='ocrx_word' id='word_1_45' title='bbox 298 1182 329 1228; x_wconf 88' lang='lat'><strong>10</strong></span> <span class='ocrx_word' id='word_1_46' title='bbox 348 1158 452 1224; x_wconf 82' lang='lat' dir='ltr'><strong>aiendi</strong></span> <span class='ocrx_word' id='word_1_47' title='bbox 469 1158 608 1243; x_wconf 90' lang='lat' dir='ltr'><strong>spatium</strong></span> <span class='ocrx_word' id='word_1_48' title='bbox 629 1157 690 1221; x_wconf 90' lang='lat' dir='ltr'><strong>fuit</strong></span> <span class='ocrx_word' id='word_1_49' title='bbox 707 1158 763 1222; x_wconf 86' lang='lat' dir='ltr'><strong>vix</strong></span> <span class='ocrx_word' id='word_1_50' title='bbox 783 1157 914 1222; x_wconf 90' lang='lat' dir='ltr'><strong>tandem</strong></span> <span class='ocrx_word' id='word_1_51' title='bbox 932 1178 973 1222; x_wconf 87' lang='lat' dir='ltr'><strong>ex</strong></span> <span class='ocrx_word' id='word_1_52' title='bbox 989 1156 1150 1243; x_wconf 90' lang='lat' dir='ltr'><strong>insperato</strong></span> <span class='ocrx_word' id='word_1_53' title='bbox 1169 1157 1313 1223; x_wconf 89' lang='lat' dir='ltr'><strong>stabilem</strong></span> <span class='ocrx_word' id='word_1_54' title='bbox 1328 1155 1361 1220; x_wconf 88' lang='lat' dir='ltr'><strong>ad</strong></span> 
     </span>
     <span class='ocr_line' id='line_1_8' title="bbox 346 1251 1361 1335; baseline -0.002 -18"><span class='ocrx_word' id='word_1_55' title='bbox 346 1252 556 1330; x_wconf 87' lang='lat' dir='ltr'><strong>insistendum</strong></span> <span class='ocrx_word' id='word_1_56' title='bbox 578 1252 702 1316; x_wconf 79' lang='lat' dir='ltr'><strong>nanctis</strong></span> <span class='ocrx_word' id='word_1_57' title='bbox 725 1252 840 1315; x_wconf 90' lang='lat' dir='ltr'><strong>loeum.</strong></span> <span class='ocrx_word' id='word_1_58' title='bbox 885 1262 1014 1335; x_wconf 90' lang='lat' dir='ltr'><strong>postero</strong></span> <span class='ocrx_word' id='word_1_59' title='bbox 1031 1272 1160 1335; x_wconf 92' lang='lat' dir='ltr'><strong>quoque</strong></span> <span class='ocrx_word' id='word_1_60' title='bbox 1184 1251 1237 1317; x_wconf 89' lang='lat' dir='ltr'><strong>die</strong></span> <span class='ocrx_word' id='word_1_61' title='bbox 1253 1252 1287 1316; x_wconf 92' lang='lat' dir='ltr'><strong>in</strong></span> <span class='ocrx_word' id='word_1_62' title='bbox 1307 1262 1361 1315; x_wconf 85' lang='lat' dir='ltr'><strong>tam</strong></span> 
     </span>
     <span class='ocr_line' id='line_1_9' title="bbox 348 1344 1361 1432; baseline -0.003 -20"><span class='ocrx_word' id='word_1_63' title='bbox 348 1370 427 1412; x_wconf 91' lang='lat' dir='ltr'><strong>oava</strong></span> <span class='ocrx_word' id='word_1_64' title='bbox 448 1347 532 1411; x_wconf 87' lang='lat' dir='ltr'><strong>valle</strong></span> <span class='ocrx_word' id='word_1_65' title='bbox 555 1346 694 1432; x_wconf 87' lang='lat' dir='ltr'><strong>opperiri</strong></span> <span class='ocrx_word' id='word_1_66' title='bbox 711 1344 888 1430; x_wconf 85' lang='lat' dir='ltr'>Popillium</span> <span class='ocrx_word' id='word_1_67' title='bbox 910 1367 947 1409; x_wconf 92' lang='lat' dir='ltr'><strong>ae</strong></span> <span class='ocrx_word' id='word_1_68' title='bbox 969 1345 1095 1411; x_wconf 85' lang='lat' dir='ltr'><strong>relictas</strong></span> <span class='ocrx_word' id='word_1_69' title='bbox 1119 1367 1251 1419; x_wconf 85' lang='lat' dir='ltr'><strong>eumeo</strong></span> <span class='ocrx_word' id='word_1_70' title='bbox 1270 1345 1361 1431; x_wconf 87' lang='lat' dir='ltr'><strong>copias</strong></span> 
     </span>
     <span class='ocr_line' id='line_1_10' title="bbox 347 1438 1362 1525; baseline -0.004 -18"><span class='ocrx_word' id='word_1_71' title='bbox 347 1463 476 1507; x_wconf 90' lang='lat' dir='ltr'><strong>neeesse</strong></span> <span class='ocrx_word' id='word_1_72' title='bbox 493 1440 570 1517; x_wconf 80' lang='lat' dir='ltr'><strong>fuit3</strong></span> <span class='ocrx_word' id='word_1_73' title='bbox 588 1462 669 1524; x_wconf 92' lang='lat' dir='ltr'><strong>quos</strong></span> <span class='ocrx_word' id='word_1_74' title='bbox 685 1448 716 1504; x_wconf 87' lang='lat' dir='ltr'><strong>et</strong></span> <span class='ocrx_word' id='word_1_75' title='bbox 727 1439 826 1525; x_wconf 92' lang='lat' dir='ltr'><strong>ipsos,</strong></span> <span class='ocrx_word' id='word_1_76' title='bbox 845 1462 919 1505; x_wconf 89' lang='lat' dir='ltr'><strong>eum</strong></span> <span class='ocrx_word' id='word_1_77' title='bbox 932 1438 973 1504; x_wconf 90' lang='lat' dir='ltr'><strong>ab</strong></span> <span class='ocrx_word' id='word_1_78' title='bbox 987 1440 1074 1505; x_wconf 91' lang='lat' dir='ltr'><strong>nulla</strong></span> <span class='ocrx_word' id='word_1_79' title='bbox 1087 1450 1179 1525; x_wconf 86' lang='lat' dir='ltr'><strong>parte</strong></span> <span class='ocrx_word' id='word_1_80' title='bbox 1196 1439 1296 1505; x_wconf 92' lang='lat' dir='ltr'><strong>hostis</strong></span> <span class='ocrx_word' id='word_1_81' title='bbox 1311 1451 1362 1504; x_wconf 86' lang='lat' dir='ltr'><strong>ter·</strong></span> 
     </span>
     <span class='ocr_line' id='line_1_11' title="bbox 298 1532 1362 1620; baseline -0.004 -18"><span class='ocrx_word' id='word_1_82' title='bbox 298 1556 328 1603; x_wconf 92' lang='lat'><strong>11</strong></span> <span class='ocrx_word' id='word_1_83' title='bbox 347 1536 479 1610; x_wconf 83' lang='lat' dir='ltr'>ruisset,</span> <span class='ocrx_word' id='word_1_84' title='bbox 505 1534 649 1600; x_wconf 88' lang='lat' dir='ltr'><strong>locorum</strong></span> <span class='ocrx_word' id='word_1_85' title='bbox 670 1534 825 1620; x_wconf 72' lang='lat' dir='ltr'><strong>asperitas</strong></span> <span class='ocrx_word' id='word_1_86' title='bbox 848 1533 1003 1599; x_wconf 81' lang='lat' dir='ltr'><strong>hostiliter</strong></span> <span class='ocrx_word' id='word_1_87' title='bbox 1025 1532 1164 1598; x_wconf 89' lang='lat' dir='ltr'><strong>vexavit.</strong></span> <span class='ocrx_word' id='word_1_88' title='bbox 1209 1534 1301 1599; x_wconf 89' lang='lat' dir='ltr'><strong>tertio</strong></span> <span class='ocrx_word' id='word_1_89' title='bbox 1321 1533 1362 1598; x_wconf 85' lang='lat' dir='ltr'><strong>die</strong></span> 
     </span>
     <span class='ocr_line' id='line_1_12' title="bbox 347 1625 1401 1714; baseline -0.002 -20"><span class='ocrx_word' id='word_1_90' title='bbox 347 1628 522 1694; x_wconf 88' lang='lat' dir='ltr'><strong>eoniunotis</strong></span> <span class='ocrx_word' id='word_1_91' title='bbox 537 1628 636 1714; x_wconf 87' lang='lat' dir='ltr'><strong>oopiis</strong></span> <span class='ocrx_word' id='word_1_92' title='bbox 651 1639 728 1694; x_wconf 91' lang='lat' dir='ltr'><strong>eunt</strong></span> <span class='ocrx_word' id='word_1_93' title='bbox 743 1650 801 1713; x_wconf 87' lang='lat' dir='ltr'><strong>per</strong></span> <span class='ocrx_word' id='word_1_94' title='bbox 818 1628 945 1705; x_wconf 87' lang='lat' dir='ltr'><strong>saltum,</strong></span> <span class='ocrx_word' id='word_1_95' title='bbox 964 1648 1060 1712; x_wconf 91' lang='lat' dir='ltr'><strong>quem</strong></span> <span class='ocrx_word' id='word_1_96' title='bbox 1076 1627 1201 1693; x_wconf 87' lang='lat' dir='ltr'><strong>ineolae</strong></span> <span class='ocrx_word' id='word_1_97' title='bbox 1212 1625 1361 1714; x_wconf 86' lang='lat' dir='ltr'><strong>Callipeu·</strong></span> <span class='ocrx_word' id='word_1_98' title='bbox 1400 1627 1401 1700; x_wconf 62' lang='lat' dir='ltr'>J</span> 
     </span>
     <span class='ocr_line' id='line_1_13' title="bbox 297 1715 1402 1809; baseline -0.005 -15"><span class='ocrx_word' id='word_1_99' title='bbox 297 1745 328 1794; x_wconf 79' lang='lat'><strong>12</strong></span> <span class='ocrx_word' id='word_1_100' title='bbox 347 1746 406 1790; x_wconf 89' lang='lat' dir='ltr'><strong>een</strong></span> <span class='ocrx_word' id='word_1_101' title='bbox 423 1724 594 1809; x_wconf 79' lang='lat' dir='ltr'><strong>appellant</strong></span> <span class='ocrx_word' id='word_1_102' title='bbox 638 1733 752 1807; x_wconf 90' lang='lat' dir='ltr'><strong>quarto</strong></span> <span class='ocrx_word' id='word_1_103' title='bbox 770 1723 845 1788; x_wconf 89' lang='lat' dir='ltr'><strong>inde</strong></span> <span class='ocrx_word' id='word_1_104' title='bbox 863 1723 915 1788; x_wconf 88' lang='lat' dir='ltr'><strong>die</strong></span> <span class='ocrx_word' id='word_1_105' title='bbox 932 1745 990 1808; x_wconf 92' lang='lat' dir='ltr'><strong>per</strong></span> <span class='ocrx_word' id='word_1_106' title='bbox 1007 1745 1109 1808; x_wconf 89' lang='lat' dir='ltr'><strong>aeque</strong></span> <span class='ocrx_word' id='word_1_107' title='bbox 1126 1723 1225 1800; x_wconf 86' lang='lat' dir='ltr'><strong>invia,</strong></span> <span class='ocrx_word' id='word_1_108' title='bbox 1244 1723 1300 1788; x_wconf 93' lang='lat' dir='ltr'><strong>sed</strong></span> <span class='ocrx_word' id='word_1_109' title='bbox 1315 1722 1362 1788; x_wconf 90' lang='lat' dir='ltr'><strong>ad·</strong></span> <span class='ocrx_word' id='word_1_110' title='bbox 1399 1715 1402 1728; x_wconf 47' lang='lat'><em>‘</em></span> 
     </span>
     <span class='ocr_line' id='line_1_14' title="bbox 347 1816 1361 1903; baseline 0 -21"><span class='ocrx_word' id='word_1_111' title='bbox 347 1818 514 1884; x_wconf 83' lang='lat' dir='ltr'><strong>suetudine</strong></span> <span class='ocrx_word' id='word_1_112' title='bbox 540 1816 674 1903; x_wconf 90' lang='lat' dir='ltr'><strong>peritius</strong></span> <span class='ocrx_word' id='word_1_113' title='bbox 697 1828 729 1883; x_wconf 93' lang='lat' dir='ltr'><strong>et</strong></span> <span class='ocrx_word' id='word_1_114' title='bbox 754 1817 884 1882; x_wconf 91' lang='lat' dir='ltr'><strong>meliore</strong></span> <span class='ocrx_word' id='word_1_115' title='bbox 907 1838 981 1881; x_wconf 92' lang='lat' dir='ltr'><strong>eum</strong></span> <span class='ocrx_word' id='word_1_116' title='bbox 998 1839 1070 1903; x_wconf 91' lang='lat' dir='ltr'><strong>spe,</strong></span> <span class='ocrx_word' id='word_1_117' title='bbox 1092 1816 1181 1902; x_wconf 94' lang='lat' dir='ltr'><strong>quod</strong></span> <span class='ocrx_word' id='word_1_118' title='bbox 1198 1840 1260 1883; x_wconf 88' lang='lat' dir='ltr'><strong>nee</strong></span> <span class='ocrx_word' id='word_1_119' title='bbox 1276 1816 1361 1882; x_wconf 83' lang='lat' dir='ltr'><strong>hostis</strong></span> 
     </span>
     <span class='ocr_line' id='line_1_15' title="bbox 345 1909 1361 1999; baseline -0.003 -22"><span class='ocrx_word' id='word_1_120' title='bbox 345 1932 500 1995; x_wconf 90' lang='lat' dir='ltr'><strong>umquam</strong></span> <span class='ocrx_word' id='word_1_121' title='bbox 518 1911 692 1997; x_wconf 77' lang='lat' dir='ltr'><strong>apparebat</strong></span> <span class='ocrx_word' id='word_1_122' title='bbox 710 1922 741 1977; x_wconf 93' lang='lat' dir='ltr'><strong>et</strong></span> <span class='ocrx_word' id='word_1_123' title='bbox 758 1912 839 1976; x_wconf 92' lang='lat' dir='ltr'><strong>mari</strong></span> <span class='ocrx_word' id='word_1_124' title='bbox 853 1912 1162 1997; x_wconf 84' lang='lat' dir='ltr'><strong>adpropinquabant,</strong></span> <span class='ocrx_word' id='word_1_125' title='bbox 1181 1909 1361 1999; x_wconf 87' lang='lat' dir='ltr'><strong>degressiiu</strong></span> 
     </span>
     <span class='ocr_line' id='line_1_16' title="bbox 347 2006 1361 2093; baseline 0.001 -22"><span class='ocrx_word' id='word_1_126' title='bbox 347 2029 478 2093; x_wconf 89' lang='lat' dir='ltr'><strong>eampos</strong></span> <span class='ocrx_word' id='word_1_127' title='bbox 495 2007 578 2071; x_wconf 91' lang='lat' dir='ltr'><strong>inter</strong></span> <span class='ocrx_word' id='word_1_128' title='bbox 595 2007 789 2073; x_wconf 83' lang='lat' dir='ltr'><strong>Heracleum</strong></span> <span class='ocrx_word' id='word_1_129' title='bbox 808 2018 840 2072; x_wconf 94' lang='lat' dir='ltr'><strong>et</strong></span> <span class='ocrx_word' id='word_1_130' title='bbox 856 2006 1049 2072; x_wconf 88' lang='lat' dir='ltr'><strong>Libethrum</strong></span> <span class='ocrx_word' id='word_1_131' title='bbox 1066 2018 1244 2092; x_wconf 88' lang='lat' dir='ltr'><strong>posuerunt</strong></span> <span class='ocrx_word' id='word_1_132' title='bbox 1263 2017 1361 2072; x_wconf 73' lang='lat' dir='ltr'><strong>eastra·</strong></span> 
     </span>
     <span class='ocr_line' id='line_1_17' title="bbox 298 2100 1363 2188; baseline -0.006 -19"><span class='ocrx_word' id='word_1_133' title='bbox 298 2121 329 2169; x_wconf 81' lang='lat'><strong>13</strong></span> <span class='ocrx_word' id='word_1_134' title='bbox 347 2101 492 2187; x_wconf 91' lang='lat' dir='ltr'><strong>peditum</strong></span> <span class='ocrx_word' id='word_1_135' title='bbox 509 2100 675 2187; x_wconf 81' lang='lat' dir='ltr'><strong>(quorum)</strong></span> <span class='ocrx_word' id='word_1_136' title='bbox 693 2124 767 2188; x_wconf 89' lang='lat' dir='ltr'><strong>pars</strong></span> <span class='ocrx_word' id='word_1_137' title='bbox 786 2102 888 2165; x_wconf 90' lang='lat' dir='ltr'><strong>maior</strong></span> <span class='ocrx_word' id='word_1_138' title='bbox 905 2103 1044 2166; x_wconf 91' lang='lat' dir='ltr'><strong>tumulos</strong></span> <span class='ocrx_word' id='word_1_139' title='bbox 1063 2101 1207 2179; x_wconf 89' lang='lat' dir='ltr'><strong>tenebat;</strong></span> <span class='ocrx_word' id='word_1_140' title='bbox 1228 2101 1275 2166; x_wconf 92' lang='lat' dir='ltr'><strong>ibi</strong></span> <span class='ocrx_word' id='word_1_141' title='bbox 1292 2100 1363 2166; x_wconf 82' lang='lat' dir='ltr'><strong>vallo</strong></span> 
     </span>
     <span class='ocr_line' id='line_1_18' title="bbox 347 2195 1361 2282; baseline -0.005 -21"><span class='ocrx_word' id='word_1_142' title='bbox 347 2196 451 2281; x_wconf 90' lang='lat' dir='ltr'><strong>oampi</strong></span> <span class='ocrx_word' id='word_1_143' title='bbox 461 2217 589 2280; x_wconf 90' lang='lat' dir='ltr'><strong>quoque</strong></span> <span class='ocrx_word' id='word_1_144' title='bbox 597 2206 730 2280; x_wconf 86' lang='lat' dir='ltr'><strong>partem,</strong></span> <span class='ocrx_word' id='word_1_145' title='bbox 746 2195 803 2260; x_wconf 93' lang='lat' dir='ltr'><strong>uhi</strong></span> <span class='ocrx_word' id='word_1_146' title='bbox 814 2217 913 2279; x_wconf 90' lang='lat' dir='ltr'><strong>eques</strong></span> <span class='ocrx_word' id='word_1_147' title='bbox 923 2195 1077 2272; x_wconf 88' lang='lat' dir='ltr'><strong>tenderet,</strong></span> <span class='ocrx_word' id='word_1_148' title='bbox 1091 2195 1361 2282; x_wconf 86' lang='lat' dir='ltr'><strong>ampleetebantur.</strong></span> 
     </span>
     <span class='ocr_line' id='line_1_19' title="bbox 314 2283 1362 2376; baseline -0.005 -19"><span class='ocrx_word' id='word_1_149' title='bbox 314 2313 327 2357; x_wconf 91' lang='lat'>1</span> <span class='ocrx_word' id='word_1_150' title='bbox 410 2290 470 2356; x_wconf 91' lang='lat' dir='ltr'><strong>Vl.</strong></span> <span class='ocrx_word' id='word_1_151' title='bbox 497 2289 637 2354; x_wconf 88' lang='lat' dir='ltr'><strong>Lavanti</strong></span> <span class='ocrx_word' id='word_1_152' title='bbox 662 2290 731 2376; x_wconf 87' lang='lat' dir='ltr'><strong>regi</strong></span> <span class='ocrx_word' id='word_1_153' title='bbox 758 2290 874 2354; x_wconf 89' lang='lat' dir='ltr'><strong>dieitur</strong></span> <span class='ocrx_word' id='word_1_154' title='bbox 893 2283 1095 2366; x_wconf 88' lang='lat' dir='ltr'><strong>nuntiatum,</strong></span> <span class='ocrx_word' id='word_1_155' title='bbox 1126 2289 1226 2354; x_wconf 90' lang='lat' dir='ltr'><strong>hostis</strong></span> <span class='ocrx_word' id='word_1_156' title='bbox 1254 2290 1362 2355; x_wconf 82' lang='lat' dir='ltr'><strong>adesse</strong></span> 
     </span>
     <span class='ocr_line' id='line_1_20' title="bbox 346 2383 1363 2471; baseline -0.004 -21"><span class='ocrx_word' id='word_1_157' title='bbox 346 2407 410 2470; x_wconf 90' lang='lat' dir='ltr'><strong>quo</strong></span> <span class='ocrx_word' id='word_1_158' title='bbox 427 2385 539 2450; x_wconf 91' lang='lat' dir='ltr'><strong>nuntio</strong></span> <span class='ocrx_word' id='word_1_159' title='bbox 551 2407 625 2450; x_wconf 89' lang='lat' dir='ltr'><strong>eum</strong></span> <span class='ocrx_word' id='word_1_160' title='bbox 641 2385 777 2471; x_wconf 86' lang='lat' dir='ltr'><strong>pavidus</strong></span> <span class='ocrx_word' id='word_1_161' title='bbox 792 2384 955 2451; x_wconf 83' lang='lat' dir='ltr'><strong>exiluisset</strong></span> <span class='ocrx_word' id='word_1_162' title='bbox 974 2406 992 2449; x_wconf 92' lang='lat' dir='ltr'><strong>e</strong></span> <span class='ocrx_word' id='word_1_163' title='bbox 1011 2383 1100 2461; x_wconf 91' lang='lat' dir='ltr'><strong>solio,</strong></span> <span class='ocrx_word' id='word_1_164' title='bbox 1118 2384 1242 2449; x_wconf 89' lang='lat' dir='ltr'><strong>vietum</strong></span> <span class='ocrx_word' id='word_1_165' title='bbox 1261 2407 1294 2449; x_wconf 92' lang='lat' dir='ltr'><strong>se</strong></span> <span class='ocrx_word' id='word_1_166' title='bbox 1307 2383 1363 2448; x_wconf 88' lang='lat' dir='ltr'><strong>sine</strong></span> 
     </span>
     <span class='ocr_line' id='line_1_21' title="bbox 313 2475 1364 2567; baseline -0.006 -19"><span class='ocrx_word' id='word_1_167' title='bbox 313 2501 327 2548; x_wconf 80' lang='lat'><strong>2</strong></span> <span class='ocrx_word' id='word_1_168' title='bbox 345 2480 465 2567; x_wconf 89' lang='lat' dir='ltr'><strong>proelio</strong></span> <span class='ocrx_word' id='word_1_169' title='bbox 478 2480 643 2546; x_wconf 79' lang='lat' dir='ltr'><strong>clamitans</strong></span> <span class='ocrx_word' id='word_1_170' title='bbox 661 2479 832 2566; x_wconf 85' lang='lat' dir='ltr'><strong>proripuit3</strong></span> <span class='ocrx_word' id='word_1_171' title='bbox 850 2489 883 2543; x_wconf 90' lang='lat' dir='ltr'><strong>et</strong></span> <span class='ocrx_word' id='word_1_172' title='bbox 900 2478 1035 2544; x_wconf 91' lang='lat' dir='ltr'><strong>subinde</strong></span> <span class='ocrx_word' id='word_1_173' title='bbox 1052 2501 1111 2564; x_wconf 89' lang='lat' dir='ltr'><strong>per</strong></span> <span class='ocrx_word' id='word_1_174' title='bbox 1125 2478 1189 2542; x_wconf 92' lang='lat' dir='ltr'><strong>alia</strong></span> <span class='ocrx_word' id='word_1_175' title='bbox 1202 2490 1299 2563; x_wconf 91' lang='lat' dir='ltr'><strong>atque</strong></span> <span class='ocrx_word' id='word_1_176' title='bbox 1312 2475 1364 2542; x_wconf 78' lang='lat' dir='ltr'><strong>alis</strong></span> 
     </span>
     <span class='ocr_line' id='line_1_22' title="bbox 346 2571 1364 2661; baseline -0.002 -21"><span class='ocrx_word' id='word_1_177' title='bbox 346 2576 464 2661; x_wconf 87' lang='lat' dir='ltr'><strong>pavida</strong></span> <span class='ocrx_word' id='word_1_178' title='bbox 477 2575 609 2640; x_wconf 89' lang='lat' dir='ltr'><strong>oonsilia</strong></span> <span class='ocrx_word' id='word_1_179' title='bbox 623 2586 655 2640; x_wconf 89' lang='lat' dir='ltr'><strong>et</strong></span> <span class='ocrx_word' id='word_1_180' title='bbox 671 2572 806 2660; x_wconf 88' lang='lat' dir='ltr'><strong>imperia</strong></span> <span class='ocrx_word' id='word_1_181' title='bbox 818 2573 992 2659; x_wconf 90' lang='lat' dir='ltr'><strong>trepidans,</strong></span> <span class='ocrx_word' id='word_1_182' title='bbox 1011 2573 1092 2639; x_wconf 92' lang='lat' dir='ltr'><strong>duos</strong></span> <span class='ocrx_word' id='word_1_183' title='bbox 1106 2595 1147 2637; x_wconf 87' lang='lat' dir='ltr'><strong>ex</strong></span> <span class='ocrx_word' id='word_1_184' title='bbox 1161 2574 1283 2651; x_wconf 89' lang='lat' dir='ltr'><strong>amieis,</strong></span> <span class='ocrx_word' id='word_1_185' title='bbox 1300 2571 1364 2638; x_wconf 90' lang='lat' dir='ltr'><strong>Pel·</strong></span> 
     </span>
     <span class='ocr_line' id='line_1_23' title="bbox 346 2666 1364 2753; baseline -0.006 -19"><span class='ocrx_word' id='word_1_186' title='bbox 346 2669 410 2734; x_wconf 89' lang='lat' dir='ltr'><strong>lam</strong></span> <span class='ocrx_word' id='word_1_187' title='bbox 428 2670 578 2744; x_wconf 87' lang='lat' dir='ltr'><strong>alterum,</strong></span> <span class='ocrx_word' id='word_1_188' title='bbox 600 2678 636 2733; x_wconf 90' lang='lat' dir='ltr'><strong>ut</strong></span> <span class='ocrx_word' id='word_1_189' title='bbox 654 2690 736 2751; x_wconf 88' lang='lat' dir='ltr'><strong>quae</strong></span> <span class='ocrx_word' id='word_1_190' title='bbox 754 2667 796 2731; x_wconf 90' lang='lat' dir='ltr'><strong>ad</strong></span> <span class='ocrx_word' id='word_1_191' title='bbox 812 2666 960 2732; x_wconf 81' lang='lat' dir='ltr'><strong>Phacum</strong></span> <span class='ocrx_word' id='word_1_192' title='bbox 982 2666 1118 2753; x_wconf 83' lang='lat' dir='ltr'><strong>pecunia</strong></span> <span class='ocrx_word' id='word_1_193' title='bbox 1136 2667 1282 2753; x_wconf 90' lang='lat' dir='ltr'><strong>deposita</strong></span> <span class='ocrx_word' id='word_1_194' title='bbox 1299 2676 1364 2740; x_wconf 85' lang='lat' dir='ltr'><strong>erat,</strong></span> 
     </span>
     <span class='ocr_line' id='line_1_24' title="bbox 347 2760 1363 2848; baseline -0.004 -22"><span class='ocrx_word' id='word_1_195' title='bbox 347 2760 428 2848; x_wconf 89' lang='lat'><strong>[...]</strong></span> <span class='ocrx_word' id='word_1_196' title='bbox 446 2785 487 2826; x_wconf 85' lang='lat' dir='ltr'><strong>ex</strong></span> <span class='ocrx_word' id='word_1_197' title='bbox 508 2761 674 2846; x_wconf 89' lang='lat' dir='ltr'><strong>praesidiis</strong></span> <span class='ocrx_word' id='word_1_198' title='bbox 696 2773 826 2826; x_wconf 90' lang='lat' dir='ltr'><strong>revooat</strong></span> <span class='ocrx_word' id='word_1_199' title='bbox 845 2762 1011 2845; x_wconf 91' lang='lat' dir='ltr'><strong>omnisque</strong></span> <span class='ocrx_word' id='word_1_200' title='bbox 1029 2761 1134 2826; x_wconf 87' lang='lat' dir='ltr'><strong>aditus</strong></span> <span class='ocrx_word' id='word_1_201' title='bbox 1157 2762 1261 2847; x_wconf 90' lang='lat' dir='ltr'><strong>aperit</strong></span> <span class='ocrx_word' id='word_1_202' title='bbox 1283 2760 1363 2825; x_wconf 89' lang='lat' dir='ltr'><strong>belo.</strong></span> 
     </span>
     <span class='ocr_line' id='line_1_25' title="bbox 313 2853 1365 2942; baseline -0.003 -21"><span class='ocrx_word' id='word_1_203' title='bbox 313 2857 415 2941; x_wconf 82' lang='lat' dir='ltr'><strong>eipse</strong></span> <span class='ocrx_word' id='word_1_204' title='bbox 442 2854 483 2919; x_wconf 90' lang='lat' dir='ltr'><strong>ab</strong></span> <span class='ocrx_word' id='word_1_205' title='bbox 504 2854 571 2918; x_wconf 95' lang='lat' dir='ltr'><strong>Dio</strong></span> <span class='ocrx_word' id='word_1_206' title='bbox 595 2855 715 2919; x_wconf 91' lang='lat' dir='ltr'><strong>auratis</strong></span> <span class='ocrx_word' id='word_1_207' title='bbox 738 2856 851 2920; x_wconf 88' lang='lat' dir='ltr'><strong>statuis</strong></span> <span class='ocrx_word' id='word_1_208' title='bbox 873 2855 1020 2920; x_wconf 90' lang='lat' dir='ltr'><strong>omnibus</strong></span> <span class='ocrx_word' id='word_1_209' title='bbox 1046 2855 1163 2941; x_wconf 88' lang='lat' dir='ltr'><strong>raptis,</strong></span> <span class='ocrx_word' id='word_1_210' title='bbox 1190 2879 1233 2921; x_wconf 92' lang='lat' dir='ltr'><strong>ne</strong></span> <span class='ocrx_word' id='word_1_211' title='bbox 1259 2853 1365 2942; x_wconf 79' lang='lat' dir='ltr'><strong>praeda</strong></span> 
     </span>
     <span class='ocr_line' id='line_1_26' title="bbox 347 2947 1364 3035; baseline -0.003 -23"><span class='ocrx_word' id='word_1_212' title='bbox 347 2948 431 3014; x_wconf 91' lang='lat' dir='ltr'><strong>hosti</strong></span> <span class='ocrx_word' id='word_1_213' title='bbox 453 2957 573 3024; x_wconf 90' lang='lat' dir='ltr'><strong>essent,</strong></span> <span class='ocrx_word' id='word_1_214' title='bbox 599 2947 721 3013; x_wconf 90' lang='lat' dir='ltr'><strong>ineolas</strong></span> <span class='ocrx_word' id='word_1_215' title='bbox 739 2948 807 3014; x_wconf 90' lang='lat' dir='ltr'><strong>eius</strong></span> <span class='ocrx_word' id='word_1_216' title='bbox 829 2948 892 3013; x_wconf 93' lang='lat' dir='ltr'><strong>looi</strong></span> <span class='ocrx_word' id='word_1_217' title='bbox 911 2949 1088 3035; x_wconf 84' lang='lat' dir='ltr'><strong>demigrare</strong></span> <span class='ocrx_word' id='word_1_218' title='bbox 1105 2948 1258 3034; x_wconf 86' lang='lat' dir='ltr'><strong>Pydnam</strong></span> <span class='ocrx_word' id='word_1_219' title='bbox 1276 2947 1364 3033; x_wconf 80' lang='lat' dir='ltr'><strong>eogit3</strong></span> 
     </span>
     <span class='ocr_line' id='line_1_27' title="bbox 313 3042 1364 3129; baseline -0.005 -18"><span class='ocrx_word' id='word_1_220' title='bbox 313 3066 330 3111; x_wconf 86' lang='lat'>4</span> <span class='ocrx_word' id='word_1_221' title='bbox 348 3055 380 3108; x_wconf 89' lang='lat' dir='ltr'><strong>et</strong></span> <span class='ocrx_word' id='word_1_222' title='bbox 397 3064 480 3127; x_wconf 89' lang='lat' dir='ltr'><strong>quae</strong></span> <span class='ocrx_word' id='word_1_223' title='bbox 498 3042 659 3107; x_wconf 89' lang='lat' dir='ltr'><strong>temeritas</strong></span> <span class='ocrx_word' id='word_1_224' title='bbox 678 3043 817 3108; x_wconf 89' lang='lat' dir='ltr'><strong>eonsulis</strong></span> <span class='ocrx_word' id='word_1_225' title='bbox 835 3043 936 3109; x_wconf 88' lang='lat' dir='ltr'><strong>videri</strong></span> <span class='ocrx_word' id='word_1_226' title='bbox 953 3044 1119 3128; x_wconf 88' lang='lat' dir='ltr'><strong>potuisset,</strong></span> <span class='ocrx_word' id='word_1_227' title='bbox 1138 3045 1225 3127; x_wconf 91' lang='lat' dir='ltr'><strong>quod</strong></span> <span class='ocrx_word' id='word_1_228' title='bbox 1245 3066 1285 3110; x_wconf 92' lang='lat' dir='ltr'><strong>eo</strong></span> <span class='ocrx_word' id='word_1_229' title='bbox 1302 3063 1364 3129; x_wconf 89' lang='lat' dir='ltr'><strong>pro-</strong></span> 
     </span>
     <span class='ocr_line' id='line_1_28' title="bbox 348 3136 1365 3223; baseline -0.002 -21"><span class='ocrx_word' id='word_1_230' title='bbox 348 3137 503 3214; x_wconf 87' lang='lat' dir='ltr'><strong>cessisset,</strong></span> <span class='ocrx_word' id='word_1_231' title='bbox 521 3137 607 3202; x_wconf 90' lang='lat' dir='ltr'><strong>unde</strong></span> <span class='ocrx_word' id='word_1_232' title='bbox 623 3137 723 3203; x_wconf 89' lang='lat' dir='ltr'><strong>invito</strong></span> <span class='ocrx_word' id='word_1_233' title='bbox 736 3137 827 3202; x_wconf 91' lang='lat' dir='ltr'><strong>hoste</strong></span> <span class='ocrx_word' id='word_1_234' title='bbox 840 3137 967 3223; x_wconf 85' lang='lat' dir='ltr'><strong>regredi</strong></span> <span class='ocrx_word' id='word_1_235' title='bbox 983 3138 1138 3220; x_wconf 91' lang='lat' dir='ltr'><strong>nequiret,</strong></span> <span class='ocrx_word' id='word_1_236' title='bbox 1156 3160 1229 3202; x_wconf 90' lang='lat' dir='ltr'><strong>eam</strong></span> <span class='ocrx_word' id='word_1_237' title='bbox 1247 3159 1313 3203; x_wconf 92' lang='lat' dir='ltr'><strong>non</strong></span> <span class='ocrx_word' id='word_1_238' title='bbox 1326 3136 1365 3200; x_wconf 89' lang='lat' dir='ltr'><strong>iu·</strong></span> 
     </span>
     <span class='ocr_line' id='line_1_29' title="bbox 315 3230 1364 3318; baseline -0.006 -18"><span class='ocrx_word' id='word_1_239' title='bbox 315 3255 328 3301; x_wconf 79' lang='lat'>5</span> <span class='ocrx_word' id='word_1_240' title='bbox 347 3233 526 3297; x_wconf 81' lang='lat' dir='ltr'><strong>consultam</strong></span> <span class='ocrx_word' id='word_1_241' title='bbox 543 3232 711 3297; x_wconf 82' lang='lat' dir='ltr'><strong>audaciam</strong></span> <span class='ocrx_word' id='word_1_242' title='bbox 727 3230 813 3296; x_wconf 88' lang='lat' dir='ltr'><strong>feeit.</strong></span> <span class='ocrx_word' id='word_1_243' title='bbox 859 3232 939 3296; x_wconf 92' lang='lat' dir='ltr'><strong>duos</strong></span> <span class='ocrx_word' id='word_1_244' title='bbox 962 3232 1048 3297; x_wconf 93' lang='lat' dir='ltr'><strong>enim</strong></span> <span class='ocrx_word' id='word_1_245' title='bbox 1070 3232 1184 3308; x_wconf 88' lang='lat' dir='ltr'><strong>saltus,</strong></span> <span class='ocrx_word' id='word_1_246' title='bbox 1211 3255 1272 3318; x_wconf 87' lang='lat' dir='ltr'><strong>per</strong></span> <span class='ocrx_word' id='word_1_247' title='bbox 1297 3249 1364 3315; x_wconf 81' lang='lat' dir='ltr'><strong>quoe</strong></span> 
     </span>
     <span class='ocr_line' id='line_1_30' title="bbox 345 3324 1364 3411; baseline 0 -21"><span class='ocrx_word' id='word_1_248' title='bbox 345 3326 421 3390; x_wconf 90' lang='lat' dir='ltr'><strong>inde</strong></span> <span class='ocrx_word' id='word_1_249' title='bbox 431 3326 566 3391; x_wconf 90' lang='lat' dir='ltr'><strong>evadere</strong></span> <span class='ocrx_word' id='word_1_250' title='bbox 579 3336 720 3411; x_wconf 88' lang='lat' dir='ltr'><strong>possent,</strong></span> <span class='ocrx_word' id='word_1_251' title='bbox 736 3324 900 3390; x_wconf 86' lang='lat' dir='ltr'><strong>habebant</strong></span> <span class='ocrx_word' id='word_1_252' title='bbox 909 3325 1058 3402; x_wconf 82' lang='lat' dir='ltr'><strong>Romam,</strong></span> <span class='ocrx_word' id='word_1_253' title='bbox 1071 3347 1172 3390; x_wconf 92' lang='lat' dir='ltr'><strong>unum</strong></span> <span class='ocrx_word' id='word_1_254' title='bbox 1186 3347 1245 3410; x_wconf 90' lang='lat' dir='ltr'><strong>per</strong></span> <span class='ocrx_word' id='word_1_255' title='bbox 1255 3326 1364 3409; x_wconf 77' lang='lat' dir='ltr'><strong>Tempe</strong></span> 
     </span>
     <span class='ocr_line' id='line_1_31' title="bbox 346 3418 1402 3505; baseline -0.001 -21"><span class='ocrx_word' id='word_1_256' title='bbox 346 3421 381 3484; x_wconf 89' lang='lat' dir='ltr'><strong>in</strong></span> <span class='ocrx_word' id='word_1_257' title='bbox 403 3419 618 3496; x_wconf 82' lang='lat' dir='ltr'><strong>Thessaliam,</strong></span> <span class='ocrx_word' id='word_1_258' title='bbox 645 3420 780 3485; x_wconf 84' lang='lat' dir='ltr'><strong>alterum</strong></span> <span class='ocrx_word' id='word_1_259' title='bbox 800 3418 835 3483; x_wconf 93' lang='lat' dir='ltr'><strong>in</strong></span> <span class='ocrx_word' id='word_1_260' title='bbox 857 3419 1085 3485; x_wconf 81' lang='lat' dir='ltr'><strong>Macedoniam</strong></span> <span class='ocrx_word' id='word_1_261' title='bbox 1109 3431 1239 3505; x_wconf 89' lang='lat' dir='ltr'><strong>praeter</strong></span> <span class='ocrx_word' id='word_1_262' title='bbox 1261 3419 1364 3491; x_wconf 87' lang='lat' dir='ltr'><strong>Dium;</strong></span> <span class='ocrx_word' id='word_1_263' title='bbox 1399 3419 1402 3434; x_wconf 88' lang='lat'>&#39;</span> 
     </span>
     <span class='ocr_line' id='line_1_32' title="bbox 316 3512 1402 3599; baseline 0.001 -22"><span class='ocrx_word' id='word_1_264' title='bbox 316 3536 330 3584; x_wconf 78' lang='lat' dir='ltr'><strong>a</strong></span> <span class='ocrx_word' id='word_1_265' title='bbox 350 3534 433 3597; x_wconf 92' lang='lat' dir='ltr'><strong>quae</strong></span> <span class='ocrx_word' id='word_1_266' title='bbox 450 3523 584 3595; x_wconf 89' lang='lat' dir='ltr'><strong>utraque</strong></span> <span class='ocrx_word' id='word_1_267' title='bbox 602 3516 686 3599; x_wconf 85' lang='lat' dir='ltr'><strong>regis</strong></span> <span class='ocrx_word' id='word_1_268' title='bbox 709 3512 900 3580; x_wconf 90' lang='lat' dir='ltr'><strong>tenebantur</strong></span> <span class='ocrx_word' id='word_1_269' title='bbox 917 3513 1093 3598; x_wconf 89' lang='lat' dir='ltr'><strong>praesidiis.</strong></span> <span class='ocrx_word' id='word_1_270' title='bbox 1137 3513 1248 3596; x_wconf 89' lang='lat' dir='ltr'><strong>itaque</strong></span> <span class='ocrx_word' id='word_1_271' title='bbox 1267 3515 1295 3579; x_wconf 90' lang='lat' dir='ltr'><strong>si</strong></span> <span class='ocrx_word' id='word_1_272' title='bbox 1312 3513 1365 3577; x_wconf 84' lang='lat' dir='ltr'><strong>dux</strong></span> <span class='ocrx_word' id='word_1_273' title='bbox 1397 3529 1402 3578; x_wconf 74' lang='grc' dir='ltr'>ἴ</span> 
     </span>
     <span class='ocr_line' id='line_1_33' title="bbox 347 3603 1402 3692; baseline 0 -22"><span class='ocrx_word' id='word_1_274' title='bbox 347 3605 523 3692; x_wconf 90' lang='lat' dir='ltr'><strong>intrepidus</strong></span> <span class='ocrx_word' id='word_1_275' title='bbox 548 3606 659 3671; x_wconf 91' lang='lat' dir='ltr'><strong>deeem</strong></span> <span class='ocrx_word' id='word_1_276' title='bbox 681 3607 749 3672; x_wconf 93' lang='lat' dir='ltr'><strong>dies</strong></span> <span class='ocrx_word' id='word_1_277' title='bbox 770 3606 907 3691; x_wconf 91' lang='lat' dir='ltr'><strong>primam</strong></span> <span class='ocrx_word' id='word_1_278' title='bbox 929 3608 1069 3692; x_wconf 89' lang='lat' dir='ltr'><strong>speeiem</strong></span> <span class='ocrx_word' id='word_1_279' title='bbox 1091 3603 1365 3692; x_wconf 72' lang='lat' dir='ltr'><strong>adpropinquando</strong></span> <span class='ocrx_word' id='word_1_280' title='bbox 1398 3637 1402 3650; x_wconf 85' lang='lat'><strong>·</strong></span> 
     </span>
     <span class='ocr_line' id='line_1_34' title="bbox 347 3699 1402 3792; baseline 0.002 -27"><span class='ocrx_word' id='word_1_281' title='bbox 347 3699 474 3765; x_wconf 89' lang='lat' dir='ltr'><strong>terroris</strong></span> <span class='ocrx_word' id='word_1_282' title='bbox 493 3700 703 3777; x_wconf 90' lang='lat' dir='ltr'><strong>sustinuisset,</strong></span> <span class='ocrx_word' id='word_1_283' title='bbox 721 3721 825 3784; x_wconf 92' lang='lat' dir='ltr'><strong>neque</strong></span> <span class='ocrx_word' id='word_1_284' title='bbox 843 3711 990 3787; x_wconf 90' lang='lat' dir='ltr'><strong>reeeptus</strong></span> <span class='ocrx_word' id='word_1_285' title='bbox 1008 3700 1162 3765; x_wconf 87' lang='lat' dir='ltr'><strong>Romanis</strong></span> <span class='ocrx_word' id='word_1_286' title='bbox 1180 3724 1240 3787; x_wconf 91' lang='lat' dir='ltr'><strong>per</strong></span> <span class='ocrx_word' id='word_1_287' title='bbox 1256 3702 1365 3784; x_wconf 82' lang='lat' dir='ltr'><strong>Tempe</strong></span> <span class='ocrx_word' id='word_1_288' title='bbox 1398 3725 1402 3792; x_wconf 66' lang='lat'><em>2</em></span> 
     </span>
     <span class='ocr_line' id='line_1_35' title="bbox 346 3793 1367 3881; baseline 0 -22"><span class='ocrx_word' id='word_1_289' title='bbox 346 3795 381 3859; x_wconf 91' lang='lat' dir='ltr'><strong>in</strong></span> <span class='ocrx_word' id='word_1_290' title='bbox 392 3793 592 3858; x_wconf 90' lang='lat' dir='ltr'><strong>Thessaliam</strong></span> <span class='ocrx_word' id='word_1_291' title='bbox 604 3815 708 3878; x_wconf 89' lang='lat' dir='ltr'><strong>neque</strong></span> <span class='ocrx_word' id='word_1_292' title='bbox 723 3794 952 3860; x_wconf 80' lang='lat' dir='ltr'><strong>commeatibus</strong></span> <span class='ocrx_word' id='word_1_293' title='bbox 969 3794 1180 3880; x_wconf 90' lang='lat' dir='ltr'><strong>pervehendis</strong></span> <span class='ocrx_word' id='word_1_294' title='bbox 1201 3818 1240 3860; x_wconf 87' lang='lat' dir='ltr'><strong>ea</strong></span> <span class='ocrx_word' id='word_1_295' title='bbox 1257 3794 1367 3881; x_wconf 86' lang='lat' dir='ltr'><strong>patuis·</strong></span> 
     </span>
     <span class='ocr_line' id='line_1_36' title="bbox 315 3888 1367 3974; baseline -0.007 -17"><span class='ocrx_word' id='word_1_296' title='bbox 315 3913 328 3958; x_wconf 83' lang='lat' dir='ltr'><strong>r</strong></span> <span class='ocrx_word' id='word_1_297' title='bbox 348 3899 397 3954; x_wconf 91' lang='lat' dir='ltr'><strong>set</strong></span> <span class='ocrx_word' id='word_1_298' title='bbox 412 3888 482 3953; x_wconf 90' lang='lat' dir='ltr'><strong>iter.</strong></span> <span class='ocrx_word' id='word_1_299' title='bbox 528 3898 602 3952; x_wconf 90' lang='lat' dir='ltr'><strong>sunt</strong></span> <span class='ocrx_word' id='word_1_300' title='bbox 619 3888 704 3953; x_wconf 89' lang='lat' dir='ltr'><strong>enim</strong></span> <span class='ocrx_word' id='word_1_301' title='bbox 721 3888 844 3974; x_wconf 88' lang='lat' dir='ltr'><strong>Tempe</strong></span> <span class='ocrx_word' id='word_1_302' title='bbox 862 3890 976 3967; x_wconf 85' lang='lat' dir='ltr'><strong>saltus,</strong></span> <span class='ocrx_word' id='word_1_303' title='bbox 995 3890 1201 3955; x_wconf 90' lang='lat' dir='ltr'><strong>etiamsinon</strong></span> <span class='ocrx_word' id='word_1_304' title='bbox 1219 3890 1305 3957; x_wconf 89' lang='lat' dir='ltr'><strong>bello</strong></span> <span class='ocrx_word' id='word_1_305' title='bbox 1321 3889 1367 3954; x_wconf 82' lang='lat' dir='ltr'><strong>liat</strong></span> 
     </span>
     <span class='ocr_line' id='line_1_37' title="bbox 313 3975 1402 4069; baseline 0.004 -23"><span class='ocrx_word' id='word_1_306' title='bbox 313 3982 496 4058; x_wconf 76' lang='lat' dir='ltr'><strong>ainfestus,</strong></span> <span class='ocrx_word' id='word_1_307' title='bbox 523 3982 659 4046; x_wconf 89' lang='lat' dir='ltr'><strong>transitu</strong></span> <span class='ocrx_word' id='word_1_308' title='bbox 684 3981 832 4048; x_wconf 80' lang='lat' dir='ltr'><strong>difficilis.</strong></span> <span class='ocrx_word' id='word_1_309' title='bbox 877 4006 952 4047; x_wconf 87' lang='lat' dir='ltr'><strong>nam</strong></span> <span class='ocrx_word' id='word_1_310' title='bbox 978 3994 1105 4069; x_wconf 85' lang='lat' dir='ltr'><strong>praeter</strong></span> <span class='ocrx_word' id='word_1_311' title='bbox 1127 3985 1294 4069; x_wconf 80' lang='lat' dir='ltr'><strong>angustias</strong></span> <span class='ocrx_word' id='word_1_312' title='bbox 1319 4001 1367 4069; x_wconf 78' lang='lat' dir='ltr'><strong>per</strong></span> <span class='ocrx_word' id='word_1_313' title='bbox 1399 3975 1402 3982; x_wconf 16' lang='grc' dir='ltr'><strong>Α</strong></span> 
     </span>
     <span class='ocr_line' id='line_1_38' title="bbox 347 4074 1367 4164; baseline 0.002 -22"><span class='ocrx_word' id='word_1_314' title='bbox 347 4077 488 4160; x_wconf 89' lang='lat' dir='ltr'><strong>quinque</strong></span> <span class='ocrx_word' id='word_1_315' title='bbox 501 4074 599 4151; x_wconf 92' lang='lat' dir='ltr'><strong>milia,</strong></span> <span class='ocrx_word' id='word_1_316' title='bbox 614 4097 679 4159; x_wconf 89' lang='lat' dir='ltr'><strong>qua</strong></span> <span class='ocrx_word' id='word_1_317' title='bbox 687 4076 841 4163; x_wconf 85' lang='lat' dir='ltr'><strong>exiguum</strong></span> <span class='ocrx_word' id='word_1_318' title='bbox 852 4077 994 4146; x_wconf 89' lang='lat' dir='ltr'><strong>iumento</strong></span> <span class='ocrx_word' id='word_1_319' title='bbox 999 4089 1118 4144; x_wconf 84' lang='lat' dir='ltr'><strong>onusto</strong></span> <span class='ocrx_word' id='word_1_320' title='bbox 1131 4078 1194 4152; x_wconf 82' lang='lat' dir='ltr'><strong>iter</strong></span> <span class='ocrx_word' id='word_1_321' title='bbox 1207 4089 1265 4154; x_wconf 81' lang='lat' dir='ltr'><strong>est,</strong></span> <span class='ocrx_word' id='word_1_322' title='bbox 1281 4097 1367 4164; x_wconf 82' lang='lat' dir='ltr'><strong>rupes</strong></span> 
     </span>
     <span class='ocr_line' id='line_1_39' title="bbox 348 4169 1367 4258; baseline -0.001 -23"><span class='ocrx_word' id='word_1_323' title='bbox 348 4171 508 4256; x_wconf 91' lang='lat' dir='ltr'><strong>utrimque</strong></span> <span class='ocrx_word' id='word_1_324' title='bbox 530 4171 577 4236; x_wconf 86' lang='lat' dir='ltr'><strong>ita</strong></span> <span class='ocrx_word' id='word_1_325' title='bbox 594 4169 737 4237; x_wconf 80' lang='lat' dir='ltr'><strong>abscisae</strong></span> <span class='ocrx_word' id='word_1_326' title='bbox 756 4184 844 4249; x_wconf 88' lang='lat' dir='ltr'><strong>sunt,</strong></span> <span class='ocrx_word' id='word_1_327' title='bbox 866 4183 903 4237; x_wconf 93' lang='lat' dir='ltr'><strong>ut</strong></span> <span class='ocrx_word' id='word_1_328' title='bbox 921 4171 1042 4257; x_wconf 88' lang='lat' dir='ltr'><strong>despioi</strong></span> <span class='ocrx_word' id='word_1_329' title='bbox 1059 4173 1115 4237; x_wconf 84' lang='lat' dir='ltr'><strong>vix</strong></span> <span class='ocrx_word' id='word_1_330' title='bbox 1132 4172 1201 4238; x_wconf 91' lang='lat' dir='ltr'><strong>sine</strong></span> <span class='ocrx_word' id='word_1_331' title='bbox 1219 4171 1367 4258; x_wconf 82' lang='lat' dir='ltr'><strong>vertigine</strong></span> 
     </span>
     <span class='ocr_line' id='line_1_40' title="bbox 348 4265 1367 4354; baseline 0.001 -25"><span class='ocrx_word' id='word_1_332' title='bbox 348 4265 488 4349; x_wconf 89' lang='lat' dir='ltr'><strong>quadam</strong></span> <span class='ocrx_word' id='word_1_333' title='bbox 504 4265 599 4332; x_wconf 90' lang='lat' dir='ltr'><strong>simul</strong></span> <span class='ocrx_word' id='word_1_334' title='bbox 613 4268 779 4332; x_wconf 91' lang='lat' dir='ltr'><strong>oeulorum</strong></span> <span class='ocrx_word' id='word_1_335' title='bbox 792 4265 953 4350; x_wconf 89' lang='lat' dir='ltr'><strong>animique</strong></span> <span class='ocrx_word' id='word_1_336' title='bbox 966 4267 1075 4354; x_wconf 84' lang='lat' dir='ltr'><strong>possit</strong></span> <span class='ocrx_word' id='word_1_337' title='bbox 1102 4275 1201 4333; x_wconf 89' lang='lat' dir='ltr'><strong>terret</strong></span> <span class='ocrx_word' id='word_1_338' title='bbox 1209 4276 1241 4332; x_wconf 90' lang='lat' dir='ltr'><strong>et</strong></span> <span class='ocrx_word' id='word_1_339' title='bbox 1253 4267 1367 4332; x_wconf 85' lang='lat' dir='ltr'><strong>sonitus</strong></span> 
     </span>
    </p>
   </div>
   <div class='ocr_carea' id='block_1_3' title="bbox 0 0 1700 5092">
    <p class='ocr_par' dir='ltr' id='par_1_3' title="bbox 0 0 1700 5092">
     <span class='ocr_line' id='line_1_41' title="bbox 0 0 1700 5092; baseline 0 0"><span class='ocrx_word' id='word_1_340' title='bbox 0 0 1700 5092; x_wconf 95' lang='lat' dir='ltr'><strong> </strong></span> 
     </span>
    </p>
   </div>
  </div>
 </body>
</html>
