3359 5092
460 593 466 606 Ι
494 531 615 588 LIBER
630 483 820 599 XXXXlllI.
840 532 938 588 17.18.
957 537 996 599 [a
1005 549 1033 588 u.
1044 548 1069 588 c.
1079 532 1145 601 169]
1269 519 1333 586 123

301 690 501 757 Macedonia
518 688 640 756 conardi
657 688 773 773 cuique
790 688 928 774 praetori
942 689 1052 754 classis
1065 688 1223 755 evenisset
1236 690 1332 755 scire-

303 797 371 863 tur,
393 784 514 850 utiam
535 784 610 849 inde
627 784 804 870 cogitarent
820 794 1033 869 pararentque
1051 805 1134 868 quae
1156 784 1241 850 bello
1259 784 1332 850 usui

302 881 410 948 forent
427 891 640 963 senatumque
661 879 877 954 consulerent,
904 878 931 943 si
953 900 1018 963 qua
1038 874 1107 965 [de]
1130 901 1165 944 re
1187 880 1332 944 consulto

304 999 385 1062 opus
404 986 503 1041 esset:
521 973 671 1051 Latinas,
689 974 746 1039 ubi
763 974 984 1060 magistratum
1001 974 1148 1052 inissent,
1170 976 1257 1058 quod
1273 998 1331 1060 per
1349 996 1364 1043 s

303 1071 474 1156 religiones
499 1080 621 1155 posset,
648 1069 750 1154 primo
777 1089 905 1153 quoque
932 1078 1075 1153 tempore
1100 1068 1170 1133 fieri
1194 1069 1330 1153 placere,
1442 1139 1446 1154 Ι

305 1187 408 1249 neque
426 1162 591 1230 consulem
609 1161 661 1227 cui
679 1162 820 1231 eundum
836 1162 870 1228 in
880 1161 1106 1228 Macedoniam
1119 1174 1203 1228 esset
1220 1164 1330 1228 teneri.

307 1259 353 1324 bis
371 1258 509 1325 decretis
531 1256 715 1323 oonsulibus
732 1256 827 1322 Italia
849 1268 881 1322 et
898 1256 1105 1334 Macedonia,
1131 1256 1330 1342 praetoribus
1350 1278 1364 1326 9

309 1365 430 1440 practer
446 1353 528 1418 duas
544 1351 776 1417 iurisdictiones
792 1351 827 1418 in
844 1352 924 1417 urbe
942 1351 1051 1417 classis
1069 1363 1101 1417 et
1123 1351 1282 1437 Hispania
1299 1362 1332 1416 et

312 1446 414 1514 Sicilia
432 1459 465 1513 et
483 1445 633 1512 Sardinia
649 1446 831 1533 provinciae
849 1445 1030 1512 nominatae
1049 1457 1131 1512 sunt.
1163 1446 1331 1512 consulum
1351 1470 1382 1516 10

313 1542 443 1608 Aemilio
460 1542 664 1620 Macedonia,
682 1540 809 1606 Licinio
826 1542 921 1607 Italia
938 1542 1052 1607 evenit.
1087 1552 1249 1627 praetores
1267 1539 1329 1607 Cn.

279 1641 286 1720 ζ
314 1636 445 1702 Baebius
466 1636 638 1713 urbanam,
661 1636 703 1700 L.
721 1635 858 1701 Anicius
880 1636 1083 1721 peregrinam
1101 1647 1132 1701 et
1154 1636 1181 1701 si
1199 1657 1263 1719 quo
1280 1659 1330 1701 se-

279 1727 287 1806 ’ῑ
315 1745 395 1798 natus
427 1731 617 1808 censuisset,
649 1727 711 1796 Cn.
739 1727 896 1796 Octavius
927 1731 1077 1809 classem,
1107 1729 1148 1795 P.
1175 1731 1329 1797 Fonteius

279 1847 287 1959 q
317 1826 509 1913 Hispaniam,
532 1824 597 1913 [M.
615 1825 777 1892 Aebutius
795 1822 970 1911 Siciliam]
993 1823 1033 1891 C.
1049 1824 1200 1911 Papirius
1219 1825 1330 1891 Sardi-

279 1967 289 1988 .
317 1921 387 1986 niam
425 1945 441 1986 s
473 1945 488 1986 s
540 1922 612 1986 ‘tua

279 1997 294 2102 l
367 1932 699 2102 Xllllllrtllxtemplo
716 2015 865 2100 apparuit
882 2015 1029 2080 omnibus
1051 2037 1117 2080 non
1139 2016 1278 2102 segniter
1295 2016 1329 2080 id
1348 2037 1361 2083 1

279 2109 287 2198 ζ
319 2107 423 2176 bellurn
441 2110 483 2174 L.
502 2110 679 2175 Aemilium
700 2120 881 2195 gesturum,
907 2121 1129 2195 praeterquam
1146 2111 1234 2195 quod
1251 2110 1329 2176 alias

279 2201 288 2284 ζ
319 2204 356 2268 tir
369 2217 446 2282 erat,
463 2205 560 2270 etiam
578 2204 664 2289 quod
677 2203 746 2270 dies
758 2215 934 2287 noctesque
947 2203 1087 2270 intentus
1101 2204 1228 2282 casola,
1246 2226 1329 2289 quae

279 2319 282 2346 ὲ
318 2299 395 2364 adid
411 2301 532 2365 bellum
549 2300 757 2386 pertinerent,
780 2299 887 2365 animo
910 2300 1061 2385 agitabat
1104 2300 1169 2365 iam
1186 2302 1328 2366 omnium
1347 2320 1363 2366 2

319 2394 441 2477 primum
450 2418 470 2458 a
479 2404 592 2459 senatu
604 2394 694 2480 petit,
703 2406 740 2459 ut
752 2394 876 2479 legatos
885 2394 919 2459 in
928 2394 1155 2460 Macedoniam
1168 2394 1329 2461 mitterent

319 2488 351 2552 rd
364 2489 520 2554 exercitus
542 2489 689 2554 visendos
712 2489 910 2573 classemque
928 2500 960 2554 et
977 2500 1129 2574 conperta
1149 2489 1327 2568 referenda,

319 2583 381 2665 quid
405 2595 462 2647 aut
493 2582 693 2648 terrestribus
720 2595 776 2648 aut
806 2583 974 2648 navalibus
1000 2582 1099 2669 copiis
1125 2606 1204 2670 opus
1230 2596 1327 2662 esset3

320 2689 466 2760 praeterea
483 2688 520 2742 ut
537 2679 738 2763 explorarent
754 2679 863 2764 copias
880 2677 996 2763 regias,
1014 2691 1170 2761 quantum
1186 2690 1327 2764 possent,
1346 2696 1361 2743 3

318 2789 371 2854 qua
392 2772 557 2858 provincia
582 2783 704 2848 nostra,
735 2794 800 2857 qua
824 2772 964 2838 hostium
990 2773 1087 2852 foret;
1113 2784 1221 2839 utrum
1245 2774 1330 2841 intra

317 2866 402 2932 saltus
418 2878 524 2933 castra
540 2866 679 2932 Romani
695 2867 864 2945 haberent,
887 2891 929 2934 an
945 2867 1011 2932 iarn
1029 2889 1140 2934 omnes
1161 2869 1328 2955 angustiae

317 2973 528 3047 exsuperatas,
552 2974 584 3027 et
605 2963 639 3027 in
660 2984 764 3047 aequa
784 2963 856 3029 loca
877 2963 1111 3049 pervenissent3
1138 2964 1194 3048 qui
1218 2965 1328 3031 fideles
1346 2980 1362 3026 4

317 3057 395 3122 nobis
411 3056 504 3132 socii,
532 3057 588 3141 qui
611 3057 690 3122 dubi
706 3079 943 3144 suspensaeque
961 3081 1002 3123 ex
1018 3058 1147 3124 fortuna
1163 3059 1250 3136 fidei,
1273 3059 1328 3142 qui

317 3152 382 3216 terti
396 3152 503 3216 hostes
520 3152 718 3230 viderentur;
740 3153 851 3236 quanti
867 3152 1048 3238 praeparati
1065 3164 1274 3229 commeatus,
1296 3165 1329 3217 et

317 3244 390 3311 unde
406 3245 547 3312 terrestri
562 3246 685 3324 itinere,
703 3247 789 3312 unde
805 3246 943 3312 navibus
956 3246 1233 3332 subportarentur3
1250 3245 1328 3330 quid

317 3358 349 3403 ea
362 3350 478 3406 aestate
492 3350 575 3405 terra
588 3340 732 3424 marique
744 3364 853 3406 rerum
870 3351 997 3427 gestum
1011 3351 1107 3407 esset:
1126 3364 1167 3406 ex
1183 3340 1232 3405 bis
1246 3342 1328 3407 bene

318 3434 439 3519 agnitis
452 3446 540 3500 certa
552 3435 587 3499 in
604 3434 748 3500 futurum
761 3436 893 3502 consilia
906 3436 978 3522 capi
995 3458 1100 3522 posse.
1127 3448 1255 3502 senatus
1266 3434 1326 3503 Cn.
1346 3451 1361 3498 5

318 3521 439 3594 Servilio
466 3529 588 3594 consuli
613 3530 779 3615 negotium
802 3530 904 3606 dedit,
931 3542 968 3595 ut
987 3531 1015 3596 is
1035 3530 1070 3596 in
1091 3530 1328 3610 Macedoniarn,

317 3638 383 3702 quos
404 3622 446 3690 L.
465 3623 605 3689 Aemilio
627 3624 803 3702 videretur,
825 3625 958 3711 legaret.
1012 3625 1112 3711 legati
1137 3626 1234 3691 biduo
1256 3637 1328 3712 post
1347 3640 1362 3688 6

316 3716 438 3798 profecti
455 3714 518 3784 Cn.
535 3717 698 3784 Domitius
716 3718 968 3796 Ahenobarbus,
986 3719 1029 3783 A.
1048 3719 1193 3786 Licinius
1210 3721 1328 3796 Nerva,

315 3805 348 3874 la
363 3811 514 3878 Baebius.

366 3906 424 3972 Bis
445 3906 481 3971 in
502 3907 590 3972 exitu
608 3908 684 3990 anni
706 3908 774 3974 eius
791 3906 968 3993 lapidatum
986 3930 1055 3974 esse
1072 3908 1253 3975 nuntiatum
1271 3923 1328 3985 est,

310 3996 492 4067 inRomano
509 4024 597 4088 agro,
615 4003 710 4068 simul
727 4001 908 4069 inVeienti.
933 4001 983 4067 bis
995 4004 1184 4069 novendiale
1201 4025 1327 4067 sermm

308 4093 423 4162 lactum
436 4107 496 4164 est.
522 4098 703 4167 sacerdotes
716 4120 754 4164 eo
768 4120 852 4163 anno
866 4098 983 4163 mortui
1000 4110 1075 4163 sunt
1082 4098 1123 4163 P.
1133 4096 1327 4179 Quinctilius
1346 4115 1360 4161 r

307 4188 408 4258 Varus
433 4192 553 4258 flamen
577 4192 736 4258 Martialis
763 4204 796 4259 et
820 4193 871 4257 Μ.
893 4189 1050 4259 Claudius
1071 4191 1246 4261 Marcellus
1273 4190 1329 4256 de-

303 4287 436 4367 cemvir,
462 4285 498 4352 in
514 4287 605 4354 cuius
627 4288 734 4354 locum
752 4284 813 4354 On.
832 4285 990 4354 Octavius
1007 4285 1170 4354 suffectus.
1215 4286 1362 4355 etiams
