3359 5092
496 523 792 594 nmuaxxxxu
810 524 853 580 eo.
866 525 909 580 ιι.
929 528 967 594 [a.
977 523 1007 581 c.
1017 525 1080 595 ιιι]
1262 511 1304 579 79

299 685 365 769 regis
377 693 484 748 autem
498 681 611 768 viginti
625 681 757 765 equites,
775 681 988 768 quadraginta
1000 683 1124 767 pedites
1137 682 1303 749 interfecti.

298 789 450 864 postquam
467 776 589 842 rediere
605 777 641 841 in
657 786 762 842 castra
778 776 925 854 victores,
944 798 1053 842 omnes
1072 776 1201 861 quidem
1216 778 1303 855 laeti,
1323 799 1338 848 ι

297 885 355 938 ante
370 871 449 938 elios
458 870 621 936 Thracum
636 870 776 936 insolens
792 871 916 937 laetitia
929 872 1102 949 eminebat3
1121 895 1195 938 cum
1208 885 1304 938 cantu

296 967 365 1033 enim
377 966 539 1052 superfixa
547 962 677 1052 [hastis]
688 965 794 1052 capita
805 964 945 1032 hostium
958 978 1120 1053 portantes
1133 967 1304 1033 redierunt.

296 1072 360 1148 spnt
377 1060 540 1127 Romame
565 1082 631 1125 non
652 1060 810 1127 maestitia
831 1071 957 1126 tantum
980 1084 1021 1127 ex
1041 1062 1126 1127 male
1147 1073 1238 1147 gesta
1258 1082 1337 1140 re‚c

295 1153 340 1221 sed
353 1176 453 1241 pavor
475 1154 571 1220 etiam
593 1164 675 1231 eret,
702 1177 743 1220 ne
765 1156 926 1240 extemplo
944 1166 1049 1220 castra
1069 1155 1169 1220 hostis
1190 1156 1306 1241 adgre-

296 1248 416 1315 deretur.
444 1247 623 1315 Eumenes
641 1248 786 1326 suadere,
804 1259 841 1314 ut
859 1259 945 1314 trans
957 1248 1104 1316 Peneum
1121 1250 1306 1315 transferret

295 1353 397 1420 metra,
419 1352 456 1406 ut
472 1364 531 1428 pro
548 1339 745 1408 munimento
763 1365 891 1408 amnem
907 1343 1055 1421 haberet,
1073 1343 1150 1408 dum
1167 1344 1305 1430 perculsi

295 1435 393 1502 milites
410 1435 533 1503 animos
551 1437 746 1523 colligerent.
778 1437 890 1503 consul
907 1438 1028 1504 moveri
1045 1437 1166 1524 flagitio
1184 1438 1339 1505 timorist

294 1529 414 1608 latendi3
441 1530 545 1596 victum
568 1542 676 1597 tamen
697 1531 819 1597 ratione
843 1531 968 1598 silentio
989 1533 1091 1598 noctis
1114 1533 1304 1599 transductis

295 1624 379 1709 copiis
405 1636 511 1689 castra
532 1624 567 1690 in
591 1624 740 1691 ulteriore
763 1624 835 1712 ripa
856 1627 1052 1692 communiit.
1095 1650 1153 1693 rex
1177 1637 1339 1713 posteros

296 1715 336 1783 die
354 1717 395 1783 ad
413 1718 616 1784 lacessendos
638 1720 759 1805 proelio
780 1720 888 1786 hostes
911 1743 1113 1806 progressus,
1136 1732 1306 1807 postquam

296 1827 367 1877 nans
380 1835 507 1879 amnem
523 1813 638 1879 intuto
655 1814 760 1900 posita
773 1826 878 1879 castra
894 1816 1128 1892 animadvertit,
1144 1814 1305 1881 fatebatur

297 1906 409 1990 quidem
425 1918 607 1994 peccatum,
630 1908 717 1993 quod
734 1909 836 1994 pridie
853 1930 919 1974 non
935 1909 1102 1976 institisset
1118 1909 1224 1987 victis,
1249 1909 1305 1975 sed

297 1999 442 2085 eliquanto
459 2002 613 2068 maiorem
632 2003 761 2089 culpam
778 2025 864 2080 esse,
887 2004 975 2089 quod
991 2016 1084 2071 nocte
1101 2003 1183 2070 foret
1201 2025 1306 2070 cesss-

299 2105 365 2174 tum3
389 2119 466 2161 nam
482 2108 520 2161 ut
541 2096 702 2163 neminem
720 2098 819 2163 alium
837 2120 968 2164 suorum
991 2110 1149 2176 moveret,
1174 2099 1238 2164 levi
1256 2121 1306 2162 ar·
1324 2118 1339 2167 6

298 2204 404 2256 ustura
420 2191 553 2256 inmissa
570 2192 797 2279 trepidantium
810 2193 845 2260 in
861 2194 997 2258 transitu
1009 2193 1148 2262 fluminis
1166 2192 1306 2258 hostium

299 2282 378 2350 deleri
394 2308 514 2372 magna
530 2308 571 2350 ex
588 2299 679 2372 parte
697 2288 804 2373 copias
822 2287 973 2374 potuisse.
1003 2287 1158 2353 Romanis
1176 2286 1306 2373 quidem
1324 2308 1339 2355 ι

298 2398 429 2462 praesens
453 2402 554 2466 pavor
575 2381 701 2447 demtus
723 2393 805 2459 erat,
831 2383 867 2464 in
888 2393 956 2447 tuto
974 2393 1079 2446 castra
1099 2380 1304 2457 habentibus3

298 2471 432 2539 damnum
452 2474 536 2540 inter
557 2486 664 2542 cetera
689 2477 861 2562 praecipue
883 2475 990 2542 famae
1012 2474 1172 2541 movebat.
1218 2485 1250 2539 et
1271 2474 1306 2537 in
1323 2495 1339 2544 8

297 2568 409 2633 consilio
427 2579 506 2654 aput
524 2570 687 2636 consulem
708 2593 767 2656 pro
785 2593 820 2637 se
839 2568 975 2655 quisque
996 2570 1029 2634 in
1047 2569 1181 2635 Aetolos
1198 2567 1307 2634 confe-

295 2660 390 2727 rebant
405 2685 550 2728 causam:
569 2663 611 2728 ab
624 2666 652 2729 is
667 2664 764 2751 fugae
779 2663 971 2748 terrorisque
986 2663 1177 2749 principium
1186 2672 1307 2737 ortum3

294 2768 404 2820 sentos
421 2779 575 2842 pavorem
591 2759 783 2825 Aetolorum
801 2769 834 2825 et
851 2769 973 2825 ceteros
991 2758 1094 2824 socios
1109 2755 1307 2824 Graecorum
1326 2778 1340 2825 9

292 2851 480 2936 populorum.
534 2852 676 2939 quinque
707 2854 869 2963 principes
894 2853 1102 2930 Aetolorum,
1133 2851 1188 2937 qni
1214 2850 1308 2937 primi
1328 2870 1357 2919 ιι

292 2955 371 3033 terga
401 2957 561 3014 vertentes
594 2949 757 3034 conspecti
783 2948 985 3025 dicebantur,
1013 2946 1167 3035 [Romam
1192 2942 1308 3031 missi]

292 3036 428 3107 Thessali
445 3063 503 3127 pro
521 3042 669 3110 contione
684 3043 807 3109 laudati
824 3043 986 3155 ducesque
1005 3064 1116 3108 eorum
1133 3041 1229 3108 etiam
1245 3041 1309 3104 vir-

289 3135 357 3200 tutis
373 3157 473 3201 causa
490 3135 608 3201 donati.

343 3227 441 3294 LXI.
460 3229 515 3293 Ad
524 3253 634 3316 regem
643 3231 745 3317 spoha
754 3251 920 3296 caesorum
929 3230 1068 3297 hostium
1077 3227 1307 3294 referebantur.
1329 3246 1341 3292 1

287 3322 366 3389 dona
382 3346 424 3389 ex
445 3322 496 3388 his
517 3325 588 3390 aliis
606 3348 696 3391 arma
711 3326 865 3412 insignia,
889 3324 958 3390 aliis
976 3345 1092 3410 equos,
1115 3321 1343 3408 quibusdama

286 3419 425 3506 captivos
443 3418 551 3484 dabat.
595 3431 687 3486 scuta
703 3432 795 3486 erant
813 3442 911 3507 supra
927 3419 1014 3484 mille
1031 3418 1217 3504 quingenta,
1234 3415 1310 3482 lori-

286 3535 338 3580 cae
351 3514 563 3600 thoracesque
576 3515 664 3582 mille
678 3515 814 3601 amplius
830 3537 988 3581 summam
1003 3513 1183 3599 explebant,
1201 3512 1311 3599 galea·

285 3629 352 3672 rum
368 3606 615 3694 gladiorumque
633 3619 666 3675 et
686 3609 854 3675 missilium
872 3608 975 3674 omnis
992 3608 1118 3695 generis
1134 3607 1237 3672 maior
1254 3605 1311 3671 ali-

285 3717 403 3787 quanto
415 3725 578 3770 numems.
605 3703 685 3770 haec
698 3726 756 3791 per
769 3728 804 3771 se
817 3704 926 3791 ampla
937 3704 1088 3787 lautaque
1101 3701 1312 3813 multiplicata
1329 3716 1344 3765 ι

285 3798 389 3865 verbis
407 3799 509 3885 regis,
531 3821 617 3885 quae
634 3799 677 3866 ad
694 3799 875 3865 contionem
895 3808 1010 3864 vocato
1028 3797 1171 3863 exercitu
1187 3795 1310 3861 habuit.

285 3899 293 3928 ¹
297 3893 552 3979 praeiudicatum
568 3905 720 3960 eventum
735 3893 813 3961 belli
829 3893 964 3959 habetis.
1007 3892 1170 3958 meliorem
1186 3900 1311 3977 partem
1329 3906 1345 3953 4

285 3988 439 4065 hostium,
457 3988 635 4071 equitatum
652 3988 851 4066 Romanum,
870 4009 933 4072 quo
949 3987 1084 4052 invictas
1102 4008 1136 4051 se
1154 4006 1225 4049 esse
1241 3982 1312 4067 glo·

285 4083 458 4159 dabantur,
476 4081 613 4149 fudistis.
640 4084 762 4168 equites
776 4082 862 4149 enim
874 4081 936 4147 illis
953 4082 1111 4168 principes
1128 4074 1312 4152 iuventutis,
1330 4092 1345 4141 ι

285 4178 408 4263 equites
431 4176 638 4244 seminarium
665 4189 809 4255 senatus;
836 4176 912 4243 inde
932 4176 1032 4243 lectos
1053 4175 1087 4239 in
1110 4182 1216 4258 patres
1237 4189 1314 4235 con·

286 4278 386 4355 sides,
408 4274 485 4342 inde
500 4274 708 4361 imperatores
726 4284 834 4339 creant
839 4297 850 4350 3
876 4270 990 4337 horum
1008 4269 1110 4356 spolie
1126 4265 1222 4354 paulo
1239 4273 1314 4332 ente
