3359 5092
504 557 624 614 urana
640 556 797 628 xxxxv,
814 556 928 612 ao-aa
947 555 1102 626 [aona]
1255 544 1317 611 169

285 717 431 786 Rhodios
459 738 525 781 non
550 715 596 781 ita
620 714 749 781 meritos
776 735 814 779 eo
843 714 942 791 bello,
974 724 1010 779 ut
1036 714 1211 780 amicorum
1238 713 1315 804 [ac]

290 815 449 880 sociorum
465 833 599 877 numero
616 810 756 876 habendi
773 810 846 875 sint.
877 810 927 875 his
945 810 1060 875 auditis
1078 822 1317 896 prostraverunt
1335 830 1349 878 9

290 931 323 974 se
347 929 460 972 omnes
487 905 591 982 humi,
622 905 850 988 consulemque
876 914 908 969 et
938 914 1070 969 cunctos
1103 906 1159 988 qui
1186 906 1318 973 aderant

291 1012 429 1076 orantes,
456 1023 497 1065 ne
523 1021 608 1064 nova
632 998 777 1083 falsaque
800 998 932 1063 crimina
954 998 1026 1085 plus
1048 999 1160 1065 obesse
1183 1000 1316 1067 Rhodiis

293 1116 401 1160 aecum
415 1105 582 1160 censerent
594 1116 692 1178 quam
706 1094 837 1177 antiqua
849 1092 973 1170 merita,
991 1114 1127 1179 quorum
1140 1094 1203 1180 ipsi
1220 1106 1316 1161 testes

293 1201 403 1254 essent.
431 1189 591 1275 extemplo
609 1198 699 1253 veste
717 1187 845 1252 sordida
863 1198 990 1273 sumpta
1008 1187 1119 1254 domos
1136 1189 1317 1275 principum
1337 1208 1367 1255 ro

294 1303 362 1348 cum
384 1284 534 1369 precibus
558 1306 596 1348 ac
617 1283 756 1348 lacrimis
775 1282 986 1348 circumibant
1003 1294 1144 1361 orantes,
1170 1295 1208 1349 ut
1227 1283 1316 1371 prius

293 1387 519 1464 cognoscerent
536 1400 667 1443 causam
684 1398 782 1461 quam
800 1376 1058 1443 condemnarent

351 1471 455 1537 XXI.
482 1473 541 1537 Μ’.
551 1473 717 1538 Iuventius
727 1472 855 1537 Thalna
870 1482 1008 1558 praetor,
1027 1472 1117 1539 cuius
1134 1473 1216 1539 inter
1230 1472 1315 1540 cives
1335 1490 1348 1537 1

293 1575 324 1631 et
337 1567 523 1653 peregrinos
540 1567 716 1632 iurisdictio
735 1578 812 1645 erat,
830 1567 986 1653 populum
1004 1566 1157 1633 adversus
1173 1567 1316 1634 Rhodios

290 1661 456 1740 incitabat,
473 1663 735 1748 rogationemque
752 1663 1027 1748 promulgaverat,
1045 1674 1082 1727 ut
1098 1662 1232 1728 Rhodiis
1249 1663 1318 1729 bel·
1336 1682 1350 1729 2

292 1753 358 1820 lum
373 1756 577 1834 indiceretur,
595 1768 682 1822 etex
699 1757 938 1844 magistratibus
951 1757 1020 1823 eius
1038 1758 1114 1822 anni
1131 1758 1316 1844 deligerent,

294 1850 346 1934 qui
363 1850 405 1914 ad
426 1849 461 1915 id
483 1851 603 1916 bellum
619 1873 693 1917 cum
712 1851 813 1917 classe
830 1852 1023 1929 mitteretur,
1042 1875 1076 1918 se
1094 1875 1169 1918 eum
1186 1875 1316 1939 sperans

292 1945 435 2011 futurum
458 1969 538 2012 esse.
582 1947 657 2012 huic
681 1948 797 2012 actioni
814 1947 864 2012 M.
881 1948 1043 2012 Antonius
1061 1958 1093 2013 et
1109 1948 1158 2013 Μ.
1176 1948 1318 2036 Pompo·
1336 1963 1351 2011 a

291 2040 361 2105 nius
382 2041 505 2105 tribuni
525 2041 628 2127 plebis
651 2042 911 2107 adversabantur.
957 2042 1063 2108 sedet
1083 2053 1211 2128 praetor
1232 2060 1351 2109 novor

292 2136 439 2219 maloque
452 2137 599 2222 exemplo
611 2159 680 2202 rem
696 2137 860 2223 ingressus
874 2147 952 2214 erat,
969 2137 1057 2220 quod
1073 2159 1138 2201 non
1153 2153 1227 2203 ante
1242 2159 1318 2203 corr·

292 2230 374 2294 rulto
400 2242 529 2307 senatu,
558 2252 624 2296 non
650 2232 833 2297 consubbus
860 2232 1048 2297 certioribus
1074 2232 1167 2297 factis
1193 2233 1233 2297 de
1259 2255 1318 2298 sua

292 2325 384 2388 unius
415 2324 573 2389 sententia
602 2326 801 2411 rogationem
834 2324 946 2403 ferret,
982 2326 1101 2391 vellent
1130 2325 1317 2393 iuberentne

293 2415 425 2484 Rhodiis
447 2419 567 2483 bellum
588 2419 701 2497 indici,
728 2441 803 2485 oum
822 2430 918 2485 antea
935 2441 1061 2505 semper
1081 2421 1170 2505 prius
1188 2431 1350 2485 senatusc

297 2513 337 2578 de
351 2514 434 2579 bello
452 2515 615 2579 consultus
633 2525 731 2592 esset,
754 2514 870 2580 deinde
888 2512 945 2601 [ex
968 2511 1171 2601 auctoritate]
1189 2525 1317 2600 patrum

299 2607 339 2672 ad
356 2610 510 2695 populum
526 2610 642 2686 latum,
669 2620 701 2674 et
723 2609 843 2674 tribuni
864 2609 982 2694 plebis,
1009 2631 1083 2673 cum
1103 2609 1150 2673 ita
1166 2608 1318 2675 traditum
1336 2625 1350 2673 6

304 2717 389 2779 esset,
412 2725 455 2768 ne
472 2702 543 2786 quis
566 2703 655 2789 prius
671 2704 883 2770 intercederet
899 2704 965 2790 legi
982 2726 1080 2788 quam
1096 2703 1228 2790 privatis
1246 2725 1319 2768 sua·

302 2795 389 2862 dandi
407 2798 676 2882 dissuadendique
697 2799 803 2885 legem
824 2809 965 2884 potestas
989 2798 1075 2864 facta
1092 2808 1190 2875 esset,
1217 2820 1319 2883 eoque

299 2909 446 2979 persaepe
469 2893 641 2969 evenisset,
668 2903 704 2957 ut
725 2905 758 2958 et
779 2893 835 2977 qui
858 2915 923 2960 non
943 2894 1079 2981 professi
1096 2903 1203 2960 essent
1219 2917 1253 2959 se
1270 2893 1319 2958 in·

299 2997 501 3063 messuros,
530 2985 757 3052 animadversis
778 2987 852 3053 vitis
874 2989 955 3074 legis
973 2988 1173 3054 exoratione
1196 2988 1320 3053 dissua-

301 3077 436 3145 dentium
448 3081 690 3158 intercederent,
708 3081 811 3165 etqui
825 3082 868 3146 ad
884 3082 1145 3148 intercedendum
1159 3081 1320 3146 venissent
1338 3102 1352 3149 t

302 3173 482 3243 desisterent
503 3176 579 3242 victi
601 3177 843 3243 auctoritatibus
865 3178 1067 3244 suadentium
1092 3178 1207 3263 legem.
1251 3188 1321 3241 tum

298 3267 376 3337 inter
396 3282 577 3359 praetorem
599 3272 806 3357 tribunosque
829 3273 936 3339 omnia
957 3272 1178 3359 intempestive
1204 3271 1322 3358 agendi

301 3377 454 3432 caraman
473 3376 555 3444 erat3
579 3368 699 3432 tribuni
720 3367 956 3434 festinationem
977 3367 1132 3454 praetoris
1150 3377 1223 3433 ante
1240 3379 1321 3433 tem·
1338 3384 1353 3433 8

301 3477 357 3544 pus
371 3460 597 3527 intercedendo
616 3459 641 3550 [.
652 3509 660 3526 .
673 3460 698 3549 .]
715 3462 750 3527 in
767 3464 941 3528 adventum
957 3463 1003 3527 im
1014 3460 1037 3548 [.
1047 3508 1056 3527 .
1066 3460 1090 3548 .]

358 3555 478 3621 XXII.
500 3553 584 3643 [...]
603 3564 676 3635 ‘est,
693 3558 973 3643 peccaverimusne
990 3555 1096 3622 adhuc
1113 3555 1248 3621 dubium
1262 3567 1320 3635 est,
1340 3576 1353 3623 1

301 3666 428 3734 poenas,
450 3650 643 3736 ignominias
660 3672 770 3717 omnes
792 3651 857 3716 iam
874 3652 1023 3737 patimur.
1058 3661 1166 3727 antea,
1186 3648 1321 3717 Cartba-

301 3744 493 3829 giniensibue
525 3745 632 3822 victis,
659 3745 827 3831 Philippo,
855 3745 1018 3811 Antiocho
1042 3745 1216 3832 superatis,
1248 3767 1322 3811 cum

301 3835 433 3904 Romam
450 3839 659 3918 venissemus,
677 3863 717 3906 ex
734 3839 863 3926 publico
878 3840 1013 3927 hospitio
1027 3839 1062 3905 in
1075 3841 1195 3906 curiam
1213 3850 1322 3926 gratu-

299 3931 395 4000 htum
412 3935 516 4013 vobis,
533 3946 639 4021 patres
657 3935 837 4022 conscripti,
856 3957 896 4001 ex
914 3936 1002 4001 curia
1018 3936 1052 4001 in
1066 3933 1262 4023 Capitolium
1280 3933 1321 3998 ad

299 4028 373 4095 daos
395 4040 520 4095 vestros
537 4029 621 4095 dona
643 4030 795 4108 ferentes,
821 4052 909 4096 nunc
926 4053 966 4096 ex
989 4031 1116 4097 sordido
1138 4027 1321 4105 diversorio,
1342 4046 1356 4095 2

298 4125 349 4190 vix
365 4125 516 4191 mercede
532 4126 662 4213 recepti,
679 4148 718 4192 ac
734 4147 834 4214 prope
852 4125 990 4191 hostium
1003 4148 1092 4193 more
1106 4135 1196 4192 extra
1208 4121 1322 4188 urbem

295 4242 425 4287 manere
442 4220 539 4299 iussi,
556 4221 591 4286 in
607 4221 669 4288 hoc
687 4221 834 4306 squalore
851 4221 996 4288 venimus
1013 4223 1048 4288 in
1065 4219 1185 4287 curiam
1202 4217 1323 4283 Roma-

292 4337 371 4382 nam
387 4314 525 4395 Rhodii,
550 4337 632 4401 quos
653 4316 825 4404 provinciis
848 4339 951 4403 nuper
972 4316 1077 4402 Lycia
1097 4325 1193 4399 atque
1216 4309 1323 4389 Caria,
