3359 5092
525 545 816 619 nmasxxxxv,
835 548 935 604 aeas
955 545 1108 620 [sonu]
1266 539 1329 606 les

302 729 378 774 cura
399 706 434 771 in
456 728 496 772 ea
516 705 619 791 regia,
647 717 683 770 ut
708 726 774 770 non
794 704 828 769 in
849 716 1049 790 praesentem
1066 708 1161 773 modo
1179 709 1327 795 speciem,
1347 731 1363 780 e

305 801 451 885 qualibus
472 800 592 866 referta
612 799 702 885 regia
722 799 948 868 Alexandreae
971 814 1053 882 erat,
1080 804 1137 869 sed
1158 805 1192 869 in
1214 827 1329 891 perpe-

306 907 392 960 tuum
409 917 506 959 usum
521 894 644 960 fierent.
686 895 768 960 haec
784 895 818 959 in
835 896 970 962 classem
986 897 1125 984 inposita
1142 899 1329 965 devehenda
1346 921 1361 968 r

308 989 438 1056 Romam
457 988 519 1056 Cn.
537 984 675 1056 Octavio
693 990 778 1056 data.

363 1084 503 1162 Paulus,
529 1084 668 1170 benigne
689 1085 803 1171 legatis
822 1085 975 1164 dimissis,
1002 1098 1219 1174 transgressus
1237 1089 1329 1177 Stry-

311 1201 429 1244 monem
444 1179 532 1245 mille
548 1201 702 1264 passuum
720 1179 762 1243 ab
778 1179 968 1265 Amphipoli
986 1193 1090 1247 castra
1106 1184 1213 1268 posuit
1217 1208 1227 1261 ς
1252 1184 1328 1251 inde

313 1275 463 1361 profectus
489 1273 615 1339 Pellam
641 1273 753 1358 quinto
784 1274 835 1340 die
866 1276 1020 1361 pervenit.
1072 1288 1327 1365 praetergressus
1345 1301 1361 1349 8

312 1369 428 1445 urbem,
455 1368 498 1451 ad
515 1366 690 1453 Spelaeum
707 1368 794 1452 quod
816 1381 933 1434 vocant
954 1370 1087 1435 biduum
1104 1383 1261 1450 moratus,
1287 1373 1327 1438 P.

311 1461 452 1528 Nasicam
478 1473 511 1527 et
537 1460 580 1544 Q.
605 1461 789 1526 Maximum
814 1462 917 1528 filium
943 1485 1017 1529 cum
1047 1477 1138 1551 parte
1165 1468 1328 1553 copiarum

312 1556 346 1621 ad
374 1555 614 1641 depopulandos
639 1555 783 1641 Illyrios,
817 1557 874 1640 qui
899 1556 1020 1624 Persea
1050 1559 1198 1626 iuverant
1232 1562 1326 1637 bello,

310 1650 395 1726 misit,
412 1650 517 1716 iussos
535 1650 578 1714 ad
595 1648 731 1715 Oricum
749 1651 811 1722 sibi
827 1674 1009 1731 occurrere3
1031 1654 1100 1740 ipse
1117 1654 1254 1742 Epirum
1270 1679 1327 1743 pe-

310 1755 370 1812 tens
385 1745 506 1828 quintis
524 1745 654 1811 decimis
673 1746 784 1812 eastris
800 1746 1016 1813 Passaronem
1032 1751 1187 1835 pervenit.

362 1838 556 1904 XXXllII.
581 1840 682 1906 Haud
703 1842 816 1926 procul
837 1841 913 1907 inde
936 1843 1034 1911 Anici
1056 1856 1161 1909 castra
1183 1844 1358 1912 aberant1

309 1934 454 2019 adquam
470 1933 584 2000 litteris
605 1936 726 2012 missis,
747 1938 885 2021 nequid
903 1936 944 2002 ad
963 1961 1101 2024 eaquae
1123 1941 1235 2007 fierent
1257 1962 1326 2005 mo·

308 2041 426 2095 veretur
441 2065 486 2076 -
502 2041 649 2094 senatum
670 2031 824 2116 praedam
847 2030 939 2118 Epiri
962 2034 1152 2112 civitatium,
1178 2056 1261 2119 quae
1284 2035 1326 2101 ad

307 2119 419 2189 Persea
435 2123 641 2201 defecissent,
667 2126 820 2191 exercitui
838 2126 964 2192 dedisse
981 2163 1039 2205 -,
1058 2129 1233 2194 summissis
1251 2151 1326 2195 cen·
1344 2152 1358 2198 2

307 2217 476 2284 tnrionibus
494 2218 529 2282 in
546 2218 689 2305 singulas
706 2220 814 2297 urbes,
832 2221 889 2305 qui
904 2244 938 2287 se
952 2221 1094 2287 dicerent
1107 2223 1148 2287 sd
1166 2223 1325 2308 praesidia

308 2310 487 2378 deducenda
511 2313 650 2391 venisse,
676 2327 713 2378 ut
733 2314 826 2380 liberi
849 2314 1002 2401 Epirotae
1025 2316 1108 2382 sicut
1128 2316 1324 2382 Macedones

308 2419 418 2483 essent,
440 2407 541 2473 denos
562 2406 722 2494 principes
744 2431 785 2475 ex
807 2409 942 2495 siugulis
961 2411 1108 2475 evocavit
1130 2409 1323 2476 civitatibus.

307 2501 414 2584 quibus
436 2525 512 2567 eum
533 2501 766 2581 denuntiasset,
792 2514 829 2568 ut
850 2526 965 2569 aurum
986 2515 1083 2589 atque
1101 2516 1269 2591 argentum
1290 2503 1325 2569 in

309 2596 462 2680 publicum
479 2596 685 2681 proferretur,
702 2619 760 2682 per
776 2618 888 2663 omnes
906 2597 1050 2664 civitates
1068 2597 1214 2665 cohortes
1231 2598 1324 2663 dimi·

312 2689 352 2754 sit.
378 2701 453 2757 ante
469 2691 503 2754 in
520 2690 687 2756 ulteriores
704 2712 802 2775 quam
818 2692 853 2756 in
870 2691 1026 2777 propioris
1042 2692 1188 2778 profecti,
1205 2703 1243 2757 ut
1259 2711 1323 2757 uno
1343 2714 1358 2761 s

312 2781 354 2850 die
365 2785 399 2851 in
418 2807 529 2851 omnes
545 2785 774 2870 perveniretur.
811 2786 897 2852 edita
918 2787 1054 2853 tribunis
1072 2787 1324 2853 centurionibus-
1342 2812 1358 2857 4

309 2899 362 2962 que
378 2891 469 2947 erant
485 2902 568 2965 quae
586 2891 765 2966 agerentur.
791 2903 886 2946 mane
903 2902 997 2946 omne
1015 2903 1129 2947 aurum
1142 2893 1325 2968 argentum·

308 2993 362 3058 que
378 2976 554 3054 conlatum,
576 2974 656 3040 bora
677 2987 792 3059 quarta
809 2976 939 3062 signum
956 2976 999 3042 ad
1015 2975 1210 3063 diripiendas
1228 2977 1324 3042 urbes

310 3067 408 3138 dotum
425 3081 474 3136 est
490 3068 659 3147 militibus,
678 3080 831 3153 tantaque
847 3069 968 3156 praeda
984 3071 1062 3147 fait,
1080 3081 1117 3135 ut
1133 3070 1167 3134 in
1184 3070 1323 3153 equitem
1341 3092 1357 3138 5

309 3165 510 3251 quadringeni
531 3163 656 3243 denam,
679 3164 840 3251 peditibus
859 3166 975 3232 duceni
996 3165 1227 3241 dividerentur,
1249 3185 1324 3229 cen-

311 3267 369 3324 tum
383 3260 618 3347 quinquaginta
634 3260 724 3324 milia
740 3261 882 3346 capitum
898 3261 1111 3326 bumanorum
1127 3259 1324 3324 abduceren-

310 3361 362 3417 tur.
386 3355 470 3420 muri
482 3353 598 3420 deinde
611 3355 805 3440 direptarum
817 3356 946 3420 urbium
961 3354 1058 3419 diruti
1071 3364 1160 3432 sunt3
1178 3375 1217 3419 ea
1234 3353 1323 3418 fuere
1342 3372 1356 3420 s

311 3448 416 3534 oppida
432 3450 518 3516 eirca
534 3450 747 3536 septuaginta.
774 3450 904 3516 vendita
921 3448 1043 3536 praeda
1057 3449 1176 3527 omnis3
1193 3447 1268 3514 inde
1286 3469 1325 3513 ea

312 3561 424 3609 summa
450 3545 543 3610 militi
568 3557 736 3610 numerata
758 3557 816 3609 est.
860 3545 984 3610 Paulus
1010 3545 1052 3608 ad
1078 3565 1166 3609 mare
1189 3541 1356 3609 Oricumr

312 3633 476 3716 descendit,
501 3661 716 3725 nequaquam,
741 3651 779 3704 ut
804 3650 893 3704 ratus
920 3650 1001 3715 erat,
1028 3639 1162 3724 expletis
1187 3639 1324 3703 militum

311 3732 428 3813 mimis,
453 3736 512 3820 qui
536 3746 699 3819 tamquam
724 3736 848 3800 nullum
874 3735 908 3799 in
933 3733 1127 3798 Macedonia
1151 3734 1323 3820 gessissent

311 3821 419 3895 bellum
441 3830 579 3916 expertis
600 3830 709 3916 regiae
730 3828 869 3915 praedae
889 3825 955 3915 [se]
973 3849 1043 3893 esse
1065 3826 1322 3914 indignabantur.

310 3917 390 3990 Orici
407 3945 482 3991 cum
501 3925 617 3990 missas
635 3946 708 3990 cum
727 3923 878 4010 Scipione
896 3922 1015 3987 Nasica
1031 3921 1241 4005 Maximoque
1257 3919 1322 3982 filio
1340 3935 1356 3983 e

308 4018 406 4105 eopias
431 4019 620 4098 invenisset,
647 4019 788 4086 exercitu
810 4018 844 4083 in
867 4039 965 4083 naves
987 4017 1124 4102 inposito
1145 4015 1179 4079 in
1196 4011 1323 4077 Italiam

305 4114 430 4182 traiecit.
473 4125 508 4180 et
527 4126 602 4201 post
621 4136 742 4201 paucos
766 4114 834 4180 dies
852 4113 988 4178 Anicius
1007 4120 1165 4177 conventu
1186 4105 1356 4187 reliquo-s

303 4231 369 4276 rum
388 4210 598 4299 Epirotarum
619 4212 892 4294 Acarnanumque
917 4219 989 4274 acto
1014 4205 1172 4287 iussisque
1197 4199 1231 4263 in
1255 4197 1323 4263 Ita·

301 4303 373 4371 liam
390 4306 487 4393 sequi·
498 4306 712 4393 principibus,
735 4326 873 4390 quorum
890 4299 1102 4389 cognitionem
1124 4315 1239 4360 causae
1257 4289 1323 4380 [se-
