3359 5092
517 539 637 596 umsn
653 540 812 611 xxxxu,
830 541 873 597 es.
888 542 931 596 so.
951 545 990 611 [a.
1001 541 1032 600 c.
1043 544 1108 612 171]
1283 530 1327 598 59

299 698 426 784 decepti
450 697 731 783 pollicitationibus
754 700 839 783 regis
861 698 1014 765 adversus
1037 701 1190 787 populum
1208 702 1328 768 Roma-

301 817 377 859 num
401 793 648 858 commisissent:
675 815 715 858 ea
737 793 915 878 corrigendi
937 796 1136 861 occasionem
1158 797 1220 862 illis
1239 798 1327 862 obla-

303 903 380 966 tam3
407 888 540 955 simale
562 887 667 953 meriti
688 887 889 954 clementiam
910 889 1021 975 populi
1043 889 1182 958 Romani
1205 893 1361 977 expertis

306 995 415 1060 essent,
434 982 517 1048 bene
535 983 686 1048 merendo
703 982 928 1050 liberalitatem
940 985 1168 1071 experirentur.
1195 988 1326 1054 Boeotis
1344 1005 1359 1053 5

307 1078 537 1164 exprobratum,
555 1078 738 1144 societatem
757 1100 811 1143 eos
829 1100 904 1144 cum
920 1078 1040 1145 Perseo
1057 1080 1209 1147 iunxisse.
1254 1106 1328 1148 cum

310 1174 427 1258 culpam
444 1172 479 1236 in
494 1172 669 1238 ismeniam
689 1173 867 1258 prinoipem
884 1173 1013 1240 alterius
1032 1174 1131 1260 partis
1148 1177 1328 1242 conferrent

311 1281 336 1331 ct
357 1266 512 1350 quasdam
537 1266 682 1333 civitates
709 1267 923 1332 dissentientis
948 1268 983 1332 in
1009 1290 1139 1334 causam
1164 1271 1328 1348 deductas,

313 1361 520 1446 appariturum
545 1361 580 1426 id
606 1384 676 1427 esse
701 1361 846 1427 Marcius
873 1363 1049 1447 respondit:
1082 1364 1216 1451 singulis
1242 1366 1327 1431 enim

314 1455 481 1521 civitatibus
507 1456 547 1521 de
573 1478 608 1521 se
638 1455 716 1542 ipsis
743 1456 929 1521 consulendi
960 1468 1150 1542 potestatem
1175 1459 1326 1525 facturos.

314 1548 526 1615 Thessalorum
544 1549 678 1616 Larisae
700 1550 763 1615 fuit
784 1550 964 1616 concilium.
1008 1551 1055 1620 ibi
1078 1550 1141 1639 [et]
1164 1552 1326 1620 Thessalis
1346 1569 1360 1618 s

315 1643 439 1730 benigna
463 1644 596 1709 materia
621 1645 740 1731 gratias
767 1645 885 1732 agendi
906 1646 1061 1711 Romanis
1087 1669 1146 1733 pro
1171 1645 1326 1713 libertatis

315 1759 429 1804 munere
451 1738 525 1817 fuit,
553 1750 586 1805 et
606 1739 736 1825 legatis,
762 1740 850 1824 quod
872 1751 905 1805 et
924 1738 1068 1827 Philippi
1088 1742 1176 1827 prius
1199 1753 1231 1808 et
1255 1754 1328 1827 post

314 1831 451 1900 Antiochi
474 1834 558 1899 bello
577 1833 669 1899 enixe
687 1832 788 1899 adiuti
811 1845 944 1920 agente
962 1834 1189 1902 Thessalorum
1211 1848 1325 1903 essent.

315 1925 362 1993 hae
388 1941 502 1993 mutua
532 1927 830 1994 commemoratione
860 1929 1047 1994 meritorum
1078 1932 1204 1997 accensi
1230 1930 1359 1997 animis

315 2022 511 2088 multitudinis
535 2022 701 2087 adomnia
722 2022 923 2089 decernenda
940 2045 1022 2108 quae
1040 2024 1178 2092 Romani
1199 2025 1326 2091 vellent

366 2115 552 2183 Secundum
568 2117 630 2182 hoc
651 2118 821 2182 concilium
842 2118 941 2203 legati
958 2141 978 2183 a
994 2118 1115 2186 Perseo
1138 2142 1214 2206 rege
1232 2143 1328 2186 vene·
1345 2136 1361 2186 8

314 2223 386 2290 nint,
411 2212 528 2296 privati
551 2212 689 2278 maxime
706 2211 823 2298 hospiti
845 2212 978 2290 fiducia,
1003 2213 1091 2296 quod
1108 2215 1138 2281 ei
1159 2225 1328 2300 paternum

315 2326 374 2370 cum
390 2306 516 2370 Marcio
534 2316 611 2372 erat.
656 2305 698 2371 ab
719 2305 815 2371 huius
836 2308 1081 2372 necessitudinis
1099 2330 1327 2374 commemora-

314 2399 384 2466 tione
402 2400 467 2465 orsi
487 2400 648 2485 petierunt
667 2400 780 2487 legati,
805 2400 840 2465 in
863 2401 1067 2485 conloquium
1089 2403 1237 2468 veniendi
1258 2403 1327 2488 regi

315 2507 489 2578 potestatem
505 2494 635 2560 faceret.
678 2494 823 2561 Marcius
841 2507 873 2560 et
895 2518 930 2561 se
947 2495 993 2561 ita
1010 2519 1032 2561 a
1047 2509 1137 2580 patre
1159 2519 1217 2561 suo
1236 2518 1327 2561 acce·
1345 2513 1360 2562 9

315 2587 383 2672 pisse
400 2589 490 2665 dixit,
509 2588 681 2655 amicitiam
697 2589 934 2674 hospitiumque
953 2611 1027 2654 cum
1044 2589 1195 2675 Philippo
1212 2589 1325 2655 fuisse:

277 2679 280 2684 ’
317 2683 428 2750 minime
450 2686 669 2750 immemorem
690 2684 933 2750 necessitudinis
955 2684 1023 2750 eius
1046 2686 1239 2771 legationem
1256 2708 1327 2751 eam

277 2805 283 2846 :
317 2781 491 2866 suscepisse3
519 2779 739 2864 conloquium,
765 2779 792 2844 si
814 2780 892 2844 satis
915 2779 1080 2846 commode
1102 2781 1236 2857 valeret,
1262 2804 1328 2846 non
1347 2798 1379 2846 ro

318 2869 398 2940 fuisse
416 2897 450 2940 se
469 2874 655 2952 dilaturum3
681 2896 784 2950 nunc,
811 2874 868 2938 ubi
890 2874 1029 2960 primum
1051 2887 1175 2961 posset,
1201 2875 1243 2941 ad
1263 2874 1328 2940 Ps-

319 2987 396 3033 neum
420 2970 554 3046 flumen,
588 2991 653 3053 qua
679 2969 829 3035 transitus
861 2970 902 3035 ab
929 2971 1080 3036 Homolio
1105 2969 1208 3035 Dium
1234 2981 1327 3049 esset,

320 3065 479 3144 praemissis
497 3065 553 3148 qui
569 3064 753 3129 nuntiarent
769 3065 849 3151 regi,
866 3076 1027 3131 venturos.

366 3158 588 3225 XXXVIIII.
614 3157 659 3224 Et
682 3170 751 3224 tum
773 3160 904 3243 quidem
921 3161 962 3225 ab
980 3158 1046 3224 Dio
1064 3160 1203 3226 Perseus
1223 3158 1257 3224 in
1278 3160 1327 3224 in·
1345 3175 1359 3224 1

320 3251 415 3319 briora
431 3252 524 3339 regni
540 3253 652 3339 recipit
670 3277 704 3319 se
721 3253 785 3319 levi
802 3277 882 3318 aura
899 3253 968 3339 spei
985 3253 1120 3331 obiecta,
1137 3253 1224 3337 quod
1236 3253 1327 3319 Mar·

321 3343 370 3411 cios
385 3348 484 3434 ipsius
503 3370 600 3414 causa
622 3347 800 3433 suscepisse
818 3370 854 3414 se
876 3347 1068 3434 legationem
1086 3347 1232 3425 dixisset3
1255 3357 1327 3433 post

321 3436 370 3506 dies
393 3465 514 3529 paucos
540 3444 582 3507 ad
608 3442 815 3508 constitutum
841 3444 949 3509 locum
973 3454 1139 3509 venerunt.
1190 3458 1362 3528 magnust

320 3537 468 3603 comitatus
484 3536 547 3603 fuit
564 3537 672 3622 regius
685 3560 759 3603 oum
773 3538 948 3603 amicorum
962 3549 1031 3602 tum
1044 3536 1215 3601 satellitum
1233 3537 1327 3601 turba

320 3629 446 3716 stipante.
491 3653 558 3697 non
574 3632 696 3698 minore
714 3633 843 3718 agmine
863 3632 962 3718 legati
979 3642 1136 3697 venerunt
1153 3643 1185 3697 et
1202 3632 1243 3696 ab
1262 3631 1328 3696 La·

318 3721 366 3789 sisa
393 3727 503 3793 multis
534 3727 800 3813 prosequentibus
831 3737 864 3792 et
895 3726 1108 3812 legationibus
1140 3725 1327 3802 civitatium,

318 3836 383 3900 quae
408 3834 624 3888 convenerant
645 3821 793 3886 Larisam
816 3832 849 3886 et
874 3820 1056 3886 renuntiare
1084 3821 1215 3886 domum
1241 3831 1327 3885 certa

316 3930 382 3993 quae
405 3915 570 3981 audissent
590 3915 749 3980 volebant.
792 3915 897 3980 inerat
918 3937 994 3980 cura
1020 3915 1115 3980 insita
1140 3913 1326 3978 mortalibus
1345 3927 1359 3975 ³

315 4007 428 4074 u'dendi
450 4009 684 4096 congredientis
706 4010 846 4076 nobilem
864 4033 973 4096 regem
991 4020 1023 4075 et
1044 4008 1155 4095 populi
1175 4005 1325 4093 principis

313 4109 454 4169 terrarum
476 4105 620 4169 omnium
645 4105 779 4190 legatos.
822 4105 857 4169 in
879 4115 1052 4189 conspectu
1075 4112 1228 4167 steterunt
1251 4098 1326 4163 diri-
1339 4113 1360 4164 '4

311 4211 404 4264 mente
422 4198 520 4264 amni.
545 4198 708 4284 paulisper
723 4198 983 4264 internuntiando
998 4194 1156 4264 cunctatio
1174 4192 1245 4270 fuit,
1264 4192 1326 4257 utri

310 4294 606 4380 tramgredercntur.
650 4293 771 4379 aliquid
790 4292 837 4360 illi
859 4293 967 4380 regiae
990 4287 1161 4366 maiestati,
1186 4285 1251 4374 [hi]
1269 4287 1327 4352 ali-
