3359 5092
432 504 653 564 PERIOCHAE
669 502 871 561 Liuiorum
888 502 1023 560 XLVIH.
1040 499 1192 559 xavun„
1257 489 1321 559 199

292 646 448 708 sententias
456 645 572 716 placuit.
598 643 705 699 (latone
715 648 744 697 et
753 642 814 697 aliis
823 641 997 714 principibus
1006 647 1119 696 senatus
1128 642 1320 712 suadentibus,

292 728 324 776 nt
332 721 362 773 in
370 715 500 771 Africam
509 712 655 768 confestim
664 716 901 782 transportaretur
909 711 1054 779 exercitus,
1070 711 1201 780 quoniam
1209 709 1243 764 P.
1253 710 1320 766 Cor·

291 788 384 845 nelius
407 782 514 840 Nasica
535 781 648 836 dicebat
669 781 793 835 nondum
810 779 869 853 ,sibi
886 781 988 833 iustam
1006 795 1119 833 causam
1136 779 1205 834 belli
1222 780 1319 847 videri,

291 855 410 927 placuit,
421 858 453 906 ut
460 852 535 906 bello
546 850 726 918 abstinerent,
736 848 760 902 si
769 848 1016 921 Carthaginienses
1025 848 1142 902 classem
1152 848 1320 903 exussissent

290 933 320 981 et
329 922 483 980 exercituin
493 918 674 974 dimisissent:
684 918 707 971 si
715 919 814 987 minus,
824 918 942 989 proximi
950 917 1077 972 consules
1088 917 1122 972 de
1131 916 1206 971 bello
1211 916 1319 970 Punico

289 994 438 1050 referrent
457 1007 520 1044 cum
528 989 651 1042 locatum
660 987 847 1042 acensoribus
856 986 995 1041 theatrum
1005 990 1199 1054 exstrueretur,
1209 984 1242 1038 P.
1253 983 1319 1039 Cor·

290 1059 481 1118 nelioNasica
490 1061 603 1112 auctore
612 1062 755 1126 tamquam
763 1055 861 1111 inutile
872 1061 901 1110 et
909 1055 1064 1109 nociturum
1092 1052 1320 1108 ublicismoribus

289 1149 324 1186 ex
337 1133 456 1185 senatus
471 1125 597 1181 consulto
612 1125 782 1180 destructum
801 1129 844 1179 est
860 1141 897 1195 po
918 1124 1035 1193 ulusque
1054 1072 1226 1192 aliquamdiu
1244 1126 1320 1175 stans

289 1200 374 1254 ludos
383 1194 531 1277 spectavit.
550 1192 795 1265 Carthaginienses
805 1209 867 1246 cum
877 1142 1008 1247 adversus
1016 1191 1116 1247 foedus
1125 1188 1320 1245 bellumMasi·

289 1269 386 1321 nissae
401 1263 573 1332 intulissent,
587 1262 655 1317 victi
665 1261 700 1316 ab
711 1278 743 1317 eo
754 1278 840 1315 annos
849 1261 972 1315 habente
981 1260 1136 1332 nonaginta
1145 1260 1214 1312 duos
1224 1264 1253 1313 et
1261 1258 1321 1312 sine

309 1332 456 1405 ulpamine
469 1332 602 1386 mandere
615 1331 656 1401 (et
669 1330 693 1383 si
710 1331 848 1404 gustaret)
860 1346 964 1400 panem
977 1334 1086 1383 tantum
1099 1328 1194 1397 solito,
1208 1327 1322 1398 insuper

288 1354 567 1458 llomanumbellum
576 1405 744 1454 meruerunt.

697 1479 736 1519 nx
744 1478 800 1519 LIB.
810 1479 919 1519 xnviiii.

343 1538 437 1596 Tertii
450 1536 551 1593 Punici
564 1535 632 1591 belli
644 1535 754 1591 initium
767 1536 855 1591 altero
870 1542 899 1591 ct
912 1534 1107 1591 sescentesimo
1122 1534 1158 1589 ab
1172 1535 1241 1590 urbe
1256 1552 1320 1590 con-

289 1610 352 1666 dita
367 1624 457 1674 anno,
472 1606 547 1661 intra
559 1605 802 1676 quintum'annum
811 1621 895 1685 quam
904 1609 1102 1674 cratcoeptum
1129 1607 1320 1659 consummati.

289 1679 366 1734 inter
383 1676 424 1731 M.
437 1675 567 1730 Porcium
582 1671 718 1729 Catonem
735 1679 764 1727 ot
778 1672 824 1729 Sci
844 1675 936 1728 ionem
949 1672 1094 1742 Nasicam,
1114 1689 1231 1742 quorum
1250 1674 1321 1729 alter

288 1744 515 1819 sapientissimus
527 1742 570 1797 vir
581 1742 612 1797 in
625 1741 738 1798 civitate
750 1691 922 1810 habebatur,
937 1741 1009 1796 alter
1021 1741 1141 1811 optimus
1154 1742 1196 1795 vir
1210 1743 1321 1798 etiama

288 1820 394 1872 senatu
416 1811 556 1867 iudicatus
577 1817 651 1878 erat,
680 1809 795 1867 diversis
818 1816 955 1865 certatum
977 1810 1123 1865 sententiis
1147 1816 1190 1865 est
1212 1810 1320 1869 Catone

287 1884 432 1949 suadente
450 1881 554 1936 bellum
572 1886 602 1935 et
618 1880 811 1944 attolleretur
828 1880 1022 1949 delereturque
1041 1878 1197 1951 Carthago,
1216 1882 1322 1938 Nasica

287 1951 485 2008 dissuadente.
511 1948 619 2019 placuit
635 1952 730 2003 tamen
763 1948 837 2029 quod
851 1954 948 2003 contra
962 1948 1060 2003 foedus
1074 1966 1160 2003 naves
1174 1950 1320 2019 haberent,

288 2022 368 2093 qnod
383 2018 536 2075 exercitum
550 2023 628 2073 extra
639 2015 710 2072 fines
724 1990 875 2085 duxissent,
909 2016 965 2070 uod
974 2016 1048 2071 socio
1058 2033 1094 2087 po
1115 2017 1155 2071 uli
1163 2018 1284 2073 Romani
1293 2029 1322 2074 et

288 2090 384 2146 amico
394 2086 561 2141 Masinissae
571 2103 648 2141 arina
656 2086 827 2155 intulissent,
843 2033 1083 2156 quddfiliumeius
1122 2087 1258 2156 ulussam,
1273 2090 1322 2169 qui

286 2176 353 2214 cnm
367 2156 475 2229 legatis
487 2154 619 2210 Romanis
634 2160 707 2224 erat,
722 2155 751 2208 in
765 2155 898 2235 oppidum
907 2170 963 2208 non
971 2154 1157 2224 recepissent,
1172 2155 1278 2210 bellum
1287 2158 1321 2211 iis

287 2225 389 2283 indici.
418 2225 495 2294 prius
509 2241 592 2294 quam
605 2224 681 2278 ullae
695 2222 793 2294 copiae
807 2240 836 2275 in
850 2239 935 2277 naves
944 2224 973 2275 in
994 2229 1158 2293 onerentur,
1172 2224 1321 2281 Uticenses

286 2293 381 2369 legati
386 2294 507 2348 Romam
516 2297 661 2361 venerunt,
671 2308 700 2347 se
711 2308 815 2361 suaque
825 2290 918 2345 omnia
927 2240 993 2345 dedP

286 2359 843 2501 titttttttittttttlttffl
861 2358 1087 2497 icinillhfllj
1097 2359 1323 2484 ttnttttt

286 2517 381 2569 inum,
401 2499 492 2569 primo
505 2497 612 2552 Punico
626 2497 714 2565 bello,
731 2468 953 2568 quingentesimo
968 2501 997 2551 et
1010 2496 1099 2551 altero
1113 2513 1187 2551 anno
1202 2498 1238 2552 ab
1253 2497 1322 2553 urbe

285 2569 423 2635 condita,
439 2565 507 2647 facti
521 2570 609 2621 erant.
635 2565 724 2637 legati
736 2565 853 2636 triginta
861 2564 979 2618 Romam
991 2570 1138 2632 venerimt,
1152 2583 1282 2688 perpuos
1292 2584 1322 2621 se

285 2635 543 2707 Carthagimenses
561 2633 711 2689 dedebant.
738 2632 852 2694 Catonis
870 2632 1010 2687 sententia
1022 2633 1102 2701 vicit,
1119 2640 1152 2687 ut
1165 2636 1195 2687 in
1229 2641 1322 2689 ecreto

285 2709 469 2777 perstaretur
487 2708 516 2758 et
529 2707 561 2757 ut
574 2702 701 2757 consules
715 2718 799 2772 quam
811 2700 931 2771 primum
945 2701 982 2756 ad
995 2702 1101 2757 bellum
1113 2702 1321 2783 proficisceren-

285 2778 342 2832 tur.
374 2773 426 2843 qui
444 2771 492 2825 ubi
510 2772 539 2824 in
553 2770 679 2825 Africam
695 2769 880 2840 transierunt,
900 2769 1022 2840 acceptis
1036 2786 1105 2851 quos
1118 2778 1323 2842 imperaverant

285 2842 430 2901 trecentis
443 2839 587 2894 obsidibus
600 2843 629 2894 ct
642 2838 724 2893 armis
739 2838 867 2893 omnibus
880 2837 1125 2909 instrumentisque
1135 2839 1215 2908 belli,
1231 2841 1322 2911 siqua

285 2908 469 2982 carthagine
484 2913 576 2977 erant,
591 2924 654 2961 cum
663 2925 696 2963 ex
706 2906 873 2961 auctoritate
881 2912 992 2978 patrum
1002 2907 1143 2978 iuberent,
1157 2909 1227 2962 utin
1236 2910 1321 2963 alium

285 2978 399 3047 locum,
416 2978 484 3030 dum
494 2976 588 3031 amari
603 2977 700 3031 decem
708 2975 786 3030 milia
783 2991 926 3098 passuum
935 2994 971 3031 ne
979 2976 1070 3030 minus
1078 2982 1228 3046 remotum
1242 2978 1321 3048 oppi-

285 3049 357 3106 dum
372 3046 514 3113 facerent,
529 3044 697 3116 indignitate
709 3044 751 3099 rei
765 3060 782 3097 a
814 3043 976 3099 bellandum
990 3044 1235 3115 Carthaginienses
1248 3062 1321 3099 coin·

285 3119 437 3241 plulerimt.
464 3113 584 3168 obsideri
597 3112 809 3193 obpugnarique
822 3118 923 3183 coepta
932 3118 975 3167 est
983 3111 1125 3184 Carthago
1136 3112 1195 3166 aL.
1205 3112 1320 3188 Marcio,

315 3189 332 3240 ¹.
344 3182 471 3239 Manilio
481 3182 648 3236 consulibus.
671 3198 700 3234 in
710 3197 765 3251 qua
775 3180 984 3253 obpugnatione
994 3197 1056 3234 cum
1066 3179 1210 3252 neglectos
1220 3181 1322 3236 abuna

285 3262 374 3326 parte
387 3267 485 3306 muros
498 3250 553 3303 duo
566 3250 672 3304 tribuni
684 3254 789 3304 temere
804 3266 867 3303 cum
880 3248 1040 3303 cohortibus
1049 3247 1105 3301 suis
1115 3249 1285 3319 inrupissent
1293 3256 1321 3304 et

285 3324 323 3379 ab
340 3318 499 3392 oppidanis
512 3319 635 3390 graviter
647 3318 841 3386 caederentur,
857 3316 1015 3388 aScipione
1024 3320 1043 3386 †
1052 3315 1189 3372 Orfitiano
1199 3317 1322 3388 expliciti

285 3397 366 3459 sunt,
381 3405 437 3459 per
446 3403 528 3457 quein
537 3386 719 3441 etcastellnm
727 3384 923 3454 Romanorum,
938 3384 1012 3455 quod
1021 3391 1103 3441 nocte
1112 3386 1320 3459 expugnabant,

303 3458 392 3516 aucis
416 3454 557 3525 equitibus
574 3455 733 3509 iuvantibus
750 3453 900 3509 liberatum
918 3458 969 3507 est,
1004 3458 1224 3525 castrorumque,
1248 3471 1320 3525 quae

285 3475 401 3585 llartha
425 3523 546 3578 inienses
565 3523 690 3577 omnibus
704 3523 791 3593 copiis
805 3523 841 3577 ab
855 3522 924 3576 urbe
937 3521 1042 3601 pariter
1056 3523 1162 3593 egressi
1175 3524 1321 3596 obpugna-

285 3593 414 3664 bant,h
437 3598 575 3646 oratorum
584 3591 607 3644 is
617 3590 677 3661 ipse
686 3591 867 3672 praecipuam
876 3589 994 3661 gloriam
1003 3589 1075 3644 tulit.
1102 3599 1321 3661 praetcreacum

285 3666 323 3720 ab
335 3663 431 3718 inrita
439 3660 649 3731 obpugnatione
659 3658 837 3731 Carthaginis
847 3658 943 3713 consul
951 3688 986 3698 —
995 3658 1067 3713 alter
1076 3660 1148 3714 cuim
1157 3661 1275 3716 Romam
1284 3662 1322 3717 ad

285 3731 410 3790 comitia
420 3729 535 3783 ierat-
545 3728 694 3783 exercitum
703 3728 818 3783 duceret
826 3727 957 3782 adversus
964 3727 1187 3798 Hasdrubalem,
1202 3730 1322 3801 quicum

285 3801 390 3872 ampla
399 3814 488 3852 manu
497 3795 598 3851 saltum
607 3795 710 3851 inicum
719 3797 874 3865 insederat,
889 3796 977 3849 suasit
978 3795 1073 3876 primo
1082 3799 1202 3867 consuli,
1217 3816 1253 3853 ne
1262 3804 1321 3853 tam

285 3870 367 3926 inico
382 3868 448 3921 loco
462 3864 638 3936 confligeret,
651 3865 740 3919 rictus
749 3864 850 3920 deinde
860 3864 1047 3934 conplurium,
1062 3865 1110 3935 qui
1119 3873 1148 3921 et
1156 3868 1321 3937 prudentiae

285 3940 350 3993 eius
367 3941 398 3991 et
410 3933 512 3988 virtuti·
525 3932 700 4002 invidebant,
719 3932 864 3988 sententiis
882 3938 911 3986 et
924 3932 984 4003 ipse
998 3933 1099 3987 saltum
1113 3934 1254 4007 ingressus
1268 3941 1320 3990 est.

984 2295 1070 2345 entes.
1088 2308 1123 2346 ea
1131 2292 1236 2372 legatio
1245 2293 1323 2348 velut

285 4024 371 4073 cum,
386 4003 462 4057 sicut
473 4000 663 4072 praedixerat,
677 4001 756 4056 fusus
768 4001 939 4073 fugatusque
954 4001 1176 4057 essetRomanus
1186 4002 1322 4058 exercitus
1396 4051 1398 4053 .

285 4081 316 4131 et
326 4073 407 4128 duae
418 4070 547 4125 cohortes
557 4069 593 4125 ab
601 4070 681 4125 hoste
690 4070 896 4138 obsiderentur,
910 4086 974 4124 cuin
986 4070 1083 4142 paucis
1093 4071 1216 4141 equitum
1224 4072 1321 4125 turmis

285 4141 317 4197 in
332 4140 444 4195 saltum
457 4155 583 4193 reversus
596 4138 726 4194 liberavit
739 4155 787 4193 eas
802 4142 830 4193 et
838 4137 991 4194 incolumes
1000 4140 1118 4193 reduxit.
1145 4156 1228 4209 qnam
1236 4139 1321 4194 virtu·
1396 4159 1398 4162 ·

285 4215 349 4265 tem
357 4208 423 4266 eius
433 4206 544 4276 etCato,
554 4207 597 4261 vir
604 4206 783 4288 promptioris
790 4206 826 4261 ad
834 4206 1047 4278 vituperandum
1056 4208 1213 4277 linguae,in
1223 4215 1322 4264 senatu

285 4278 332 4333 sic
351 4280 521 4350 prosecutus
539 4281 595 4346 est,
614 4282 646 4331 ut
663 4276 768 4331 diceret
784 4273 919 4347 reliquos,
939 4276 987 4346 qui
1003 4276 1144 4334 inAfrica
1159 4277 1320 4352 militarent,
1396 4339 1398 4342 ,
1431 4330 1435 4333 ,
