3359 5092
501 547 619 603 ursus
635 547 1086 622 xxxxn,oaos.[a.c.1u]
1268 535 1309 603 81

299 706 425 773 adhibito
446 706 607 791 frequenti
632 706 764 772 consilio
791 707 892 773 auditi
914 720 998 774 sunt.
1041 731 1155 795 pacem
1181 708 1310 796 petiere,
1330 729 1363 779 ιο

300 802 421 888 leodgal
442 812 598 885 quantum
615 800 786 888 Philippus
808 814 922 889 pactus
945 814 1043 882 esset,
1066 805 1215 869 daturum
1231 804 1312 869 Per·

302 919 342 962 sea
356 896 509 963 Romau'm
531 897 726 982 pollicentis:
752 898 896 975 urbibus,
910 899 995 985 agris
1015 899 1172 983 locisque,
1194 900 1311 985 quibus

300 990 454 1077 Philippus
467 991 625 1069 cessisset,
643 1012 808 1057 cessurum
825 993 976 1078 primum.
1002 993 1083 1059 haec
1094 994 1202 1079 legati.
1225 1016 1312 1059 sum·
1330 1012 1361 1058 11

301 1085 378 1149 motis
399 1085 451 1149 his
473 1107 548 1150 cum
570 1087 800 1163 consultarent,
823 1087 973 1152 Romana
988 1088 1166 1153 constantia
1187 1087 1263 1153 vicit
1278 1088 1312 1152 in

301 1180 424 1244 consilio.
469 1179 515 1244 ita
531 1193 600 1245 tum
617 1202 687 1245 mos
705 1194 782 1258 erat,
800 1182 834 1245 in
852 1182 993 1248 adversis
1011 1183 1134 1248 voltum
1152 1182 1311 1248 secundae

301 1272 432 1340 fortunae
449 1296 571 1360 gerere,
589 1276 748 1342 moderari
766 1276 872 1342 animo
891 1278 924 1342 in
942 1277 1100 1343 secundis.
1128 1277 1312 1362 responderi
1332 1295 1363 1341 ιι

299 1367 419 1453 placuit,
442 1369 489 1433 ita
505 1391 618 1455 pacem
636 1370 719 1446 dari,
742 1371 827 1437 side
846 1394 971 1436 summa
987 1394 1094 1437 rerum
1110 1371 1245 1436 liberum
1264 1394 1313 1436 se-

299 1463 374 1528 natui
403 1464 567 1550 permittat
596 1488 654 1530 rex
685 1465 724 1531 de
755 1489 789 1532 se
816 1466 919 1551 deque
945 1466 1095 1532 universa
1119 1465 1314 1530 Macedonia

300 1558 444 1623 statuendi
466 1558 527 1624 ius.
571 1559 651 1625 haec
674 1581 747 1624 cum
765 1560 998 1626 renuntiassent
1020 1559 1134 1646 legati,
1158 1559 1312 1624 miraculo
1333 1576 1364 1623 13

300 1649 404 1736 ignaua
423 1653 519 1717 moris
541 1653 716 1737 pertinacia
738 1676 808 1719 esse
826 1664 859 1719 et
879 1654 1023 1739 plerique
1045 1664 1154 1719 vetare
1177 1653 1313 1740 amplius

302 1746 479 1812 mentionem
509 1748 597 1833 pacis
627 1747 748 1813 facere·
784 1749 868 1813 ultro
895 1769 971 1812 mox
1002 1747 1201 1832 quaesituros
1227 1746 1313 1831 quod

302 1839 428 1905 oblatum
463 1840 637 1907 fastidiant
690 1842 829 1908 Perseus
864 1841 991 1907 hanc
980 1864 1085 1927 rpsam
1120 1841 1312 1928 superbiam,
1333 1859 1365 1907 ιι

303 1932 404 2020 quippe
421 1958 463 2000 ex
478 1936 644 2001 fiducia
614 1937 729 2002 vrrium
747 1960 827 2016 esse,
846 1936 973 2015 timere3
991 1947 1024 2004 et
1041 1960 1199 2002 summam
1216 1957 1313 2023 pecu-

303 2028 360 2094 niae
376 2052 512 2116 augens,
540 2031 566 2096 si
583 2031 686 2117 pretio
703 2054 817 2117 paoem
835 2054 941 2097 emere
962 2043 1084 2118 posset,
1111 2053 1176 2097 non
1193 2030 1314 2097 destitit

304 2123 429 2188 animum
447 2125 586 2190 consulis
609 2136 773 2212 temptare
817 2138 989 2211 postquam
1010 2126 1089 2191 nihil
1111 2149 1152 2191 ex
1170 2148 1208 2191 eo
1225 2123 1314 2210 quod
1334 2142 1362 2189 15

304 2217 388 2301 primo
405 2219 614 2305 responderat
627 2220 782 2298 mutabat,
759 2222 969 2307 tdesperata
982 2243 1061 2307 pace
1079 2221 1121 2285 ad
1130 2219 1314 2299 Sucurium,

305 2314 372 2378 uude
388 2314 551 2400 profectus
575 2326 657 2393 erat,
681 2316 788 2393 rediit,
812 2316 888 2381 belli
906 2337 1017 2380 casum
1035 2316 1102 2381 de
1092 2327 1217 2402 integro
1234 2328 1316 2381 tem-

305 2419 441 2488 ptaturus.

352 2501 483 2567 LXIII.
506 2503 609 2569 Fama
618 2453 773 2587 equestris
786 2526 916 2590 pugnae
929 2504 1061 2612 vulgata
1073 2525 1132 2590 per
1141 2500 1313 2569 Graeciam
1334 2520 1346 2566 1

302 2595 419 2660 nudavit
436 2598 616 2663 voluntates
633 2598 809 2663 hominum.
836 2619 901 2663 non
918 2597 1004 2663 enim
1022 2597 1125 2663 solum
1142 2597 1198 2682 qui
1214 2598 1314 2683 partis

302 2683 506 2757 Macedonum
523 2704 628 2770 erant,
655 2693 712 2759 sed
729 2692 874 2779 plerique
894 2691 1078 2780 ingentibus
1095 2691 1316 2757 Romanorum

301 2781 419 2871 obligati
453 2786 628 2866 beneficiis,
659 2787 790 2873 quidam
820 2787 887 2852 vim
918 2785 1166 2873 superbiamque
1192 2786 1316 2873 experti

301 2870 447 2967 [Persei],
469 2880 544 2946 laeti
562 2904 633 2946 eam
654 2881 774 2947 famam
793 2903 960 2967 accepere,
983 2903 1048 2946 non
1066 2880 1108 2945 ob
1126 2880 1222 2946 aliam
1240 2903 1316 2946 cau·
1334 2898 1350 2943 ι

299 2993 358 3037 sam
374 2996 471 3059 quam
489 2997 589 3062 pravo
607 2977 726 3055 studio,
745 2998 809 3062 quo
827 2977 923 3043 etiam
940 2977 974 3041 in
992 2975 1216 3042 certaminibus
1233 2975 1316 3041 ludi-

299 3068 350 3133 cris
366 3071 484 3156 vulgus
502 3070 612 3151 utitur,
630 3072 684 3138 det
671 3072 779 3138 teriori
795 3082 892 3157 atque
908 3070 1075 3136 infirmiori
1092 3070 1240 3136 favendo.

352 3161 478 3229 Eodem
496 3175 638 3251 tempore
654 3166 689 3229 in
706 3166 843 3232 Boeotia
861 3188 986 3231 summa
1002 3164 1035 3228 vi
1049 3164 1233 3229 Haliartum
1247 3164 1316 3228 Lu·
1334 3179 1349 3225 3

298 3258 405 3323 cretius
423 3269 552 3345 praetor
568 3261 777 3347 oppugnabat
782 3285 792 3338 3
814 3271 848 3326 et
865 3279 1061 3344 quamquam
1078 3279 1138 3323 nec
1155 3257 1317 3324 habebant

296 3363 421 3417 externa
446 3354 566 3419 auxilia
587 3355 711 3421 obsessi
731 3366 858 3443 praeter
877 3352 1145 3421 Coronitanorum
1166 3353 1316 3431 iuniores,

294 3448 345 3531 qui
360 3449 465 3534 prima
478 3449 642 3517 obsidione
655 3452 783 3517 moenia
795 3451 1003 3526 intraverant,
1017 3471 1121 3533 neque
1135 3449 1315 3535 sperabant,

293 3556 396 3609 tamen
413 3543 475 3629 ipsi
493 3545 607 3609 animis
629 3546 732 3631 magis
750 3568 847 3629 quam
866 3544 986 3609 viribus
1008 3543 1206 3609 resistebant.
1241 3567 1317 3609 nam
1334 3560 1351 3605 4

293 3647 323 3703 at
339 3637 519 3724 eruptiones
536 3639 570 3703 in
585 3661 682 3725 opera
699 3641 810 3706 crebro
824 3639 996 3715 iaciebant,
1015 3647 1046 3703 et
1060 3638 1189 3704 arietem
1207 3637 1318 3703 admo-

291 3743 360 3796 tum
384 3754 474 3798 nuno
497 3730 599 3819 [saxis
625 3734 824 3820 ingentibus,
852 3730 954 3820 nunc]
977 3732 1167 3797 libramento
1194 3733 1318 3817 plumbi

292 3837 459 3911 gravmum
482 3827 523 3891 ad
546 3839 662 3895 terram
684 3829 865 3915 urguebant
887 3839 934 3903 et,
961 3827 1070 3911 siqua
1086 3826 1245 3892 declinare
1262 3849 1318 3891 ne-

293 3919 458 4004 quiverant
487 3921 601 3999 ictum,
631 3944 690 4009 pro
717 3924 822 3987 diruto
848 3943 940 3986 muro
965 3941 1085 3986 novum
1110 3920 1317 3985 tumultuario

291 4035 387 4099 opere
405 4016 524 4101 raptim
536 4040 577 4083 ex
594 4018 664 4103 ipsa
680 4018 792 4084 ruinae
810 4028 917 4103 strage
931 4015 1090 4102 congestis
1108 4013 1193 4079 saxis
1211 4024 1318 4079 extru-

292 4109 396 4175 ehant.
435 4131 510 4175 oum
528 4112 677 4198 operibus
698 4110 829 4199 len[tior
851 4107 1064 4197 oppugna]tio
1089 4118 1187 4184 esset,
1159 4107 1351 4172 tscolass

291 4226 349 4289 per
365 4206 547 4291 manipulos
565 4205 663 4271 dividi
680 4219 807 4294 praetor
828 4206 921 4273 iussit
937 4226 1055 4270 corona
1071 4201 1214 4284 undique
1230 4221 1318 4267 moe·

293 4301 347 4364 uia
358 4300 580 4445 adgrqqsurus,
597 4323 635 4367 eo
646 4301 748 4389 magis
763 4300 968 4367 suffecturam
983 4298 1025 4363 ad
1037 4296 1071 4360 id
1084 4293 1318 4454 rpultitudinem

345 4400 393 4445 ιιι
414 4401 436 4445 οι

1396 4311 1436 4541 ι
