3359 5092
349 523 391 594 'ld
580 534 698 592 LIBER
715 532 875 604 XXXXII,
893 533 935 589 5⁷.
956 536 1063 602 [auc
1077 530 1142 603 683]

315 720 331 769 1
412 695 523 763 LVII.
550 691 621 761 Sub
642 692 728 759 idem
747 692 861 758 deinde
884 702 1009 778 tempus
1027 689 1195 757 consilium
1213 700 1248 756 et
1269 690 1366 757 consul

316 815 332 863 2
350 804 383 859 et
395 814 451 857 rex
465 788 750 867 habuerrmt,unde
764 786 884 853 bellum
898 787 1087 854 ordirentur.
1114 789 1199 873 regis
1214 796 1365 853 creverant

349 885 447 954 animi
464 884 641 950 vastatione
657 904 810 949 concessa
822 882 884 947 sibi
901 881 943 947 ab
960 881 1051 947 hoste
1060 879 1200 947 Pheraei
1218 881 1300 968 agri;
1315 881 1363 945 ita·
1387 907 1390 912 ·

349 1003 412 1067 que
433 979 574 1047 eundum
596 977 671 1044 inde
692 977 735 1042 ad
756 988 861 1042 castra
881 997 942 1043 neo
965 976 1107 1042 dandum
1127 978 1213 1044 ultra
1240 976 1360 1063 spatium

316 1094 331 1144 a
350 1073 520 1141 cunctandi
537 1072 719 1140 censebant.
746 1083 779 1136 et
795 1070 934 1138 Romani
952 1071 1125 1138 censebant
1142 1071 1360 1138 cunctationem

349 1191 440 1235 suam
457 1167 611 1233 infamem
624 1176 702 1252 aput
716 1164 818 1231 socios
832 1188 914 1243 esse,
930 1188 1081 1231 maxume
1098 1165 1233 1251 indigne
1250 1163 1358 1232 ferens

315 1285 332 1333 4
348 1284 413 1328 nou
429 1262 528 1326 latam
545 1259 699 1326 Pheraeis
717 1280 821 1345 opem.
866 1260 1131 1337 consultantibus,
1149 1259 1228 1344 quid
1247 1267 1357 1346 agerent

347 1393 392 1405 —
405 1356 538 1421 aderant
555 1366 662 1420 autem
678 1352 843 1420 Eumenes
861 1365 893 1419 et
910 1354 1041 1419 Attalus
1058 1353 1092 1419 in
1110 1354 1247 1420 concilio
1258 1362 1356 1418 -tre

348 1451 443 1538 pidus
460 1449 590 1514 nuntius
604 1448 718 1527 adfert,
736 1447 862 1518 hostem
875 1468 993 1534 magno
1006 1447 1135 1534 agmine
1148 1449 1272 1516 adesse.
1300 1469 1355 1512 cor·

349 1545 419 1609 silio
437 1543 567 1609 dimisso
590 1543 719 1629 signum
740 1542 900 1628 extemplo
924 1541 1034 1620 datur,
1061 1542 1107 1608 uti
1129 1563 1220 1609 arma
1242 1542 1354 1629 capiant.

314 1664 330 1710 5
348 1638 475 1703 interim
497 1637 602 1722 placet
618 1658 659 1701 ex
676 1638 761 1722 regls
780 1636 907 1702 auxiliis
925 1648 1054 1701 centum
1071 1636 1196 1721 equites
1214 1648 1246 1703 et
1267 1657 1353 1723 paren

315 1753 516 1804 enumerem
541 1730 752 1795 iaculatorum
778 1730 923 1817 peditum
950 1730 1046 1796 exire.
1098 1731 1241 1799 Perseus
1268 1724 1353 1819 [hora]

348 1828 449 1892 ferme
467 1824 530 1891 diei
547 1836 671 1910 quarta,
690 1848 764 1891 cum
780 1826 877 1912 paulo
889 1825 963 1912 plus
981 1825 1067 1890 mille
1084 1847 1199 1911 passus
1214 1826 1352 1892 abesseta
1387 1857 1390 1862 ·

349 1920 460 1986 eastris
478 1920 648 1997 Romanis,
671 1920 843 1986 consistere
862 1920 954 2005 signa
977 1919 1122 2005 peditum
1139 1920 1243 1986 iussit.
1284 1940 1352 2005 prae·
1386 1997 1389 2018 .

348 2036 477 2100 gressus
491 2013 560 2100 ipse
574 2028 649 2079 cum
663 2014 824 2099 equitibus
838 2036 877 2080 ac
889 2014 953 2079 leri
966 2024 1136 2092 armatura,
1147 2025 1181 2081 et
1189 2012 1290 2100 Cotys
1300 2033 1352 2079 cau
1388 2071 1389 2092 ,

315 2135 329 2181 7
349 2129 387 2174 ec
416 2108 577 2193 ducesque
603 2108 738 2174 aliorum
760 2108 951 2174 auxiliorum
976 2121 1229 2194 praecesserrmt.
1272 2109 1352 2174 mnus
1388 2147 1389 2190 3

348 2202 539 2289 quingentos
560 2225 674 2288 passus
697 2204 740 2269 ab
757 2203 870 2269 castris
886 2202 1035 2281 aberant,
1062 2226 1136 2269 cum
1152 2204 1188 2269 in
1205 2212 1351 2291 conspecto

348 2295 438 2362 fuere
460 2296 599 2362 hostium
621 2298 760 2383 equitem
787 2297 870 2363 duae
892 2298 961 2363 alae
979 2308 1070 2363 erant
1091 2320 1213 2385 magna
1230 2323 1269 2365 ex
1284 2306 1351 2384 parte
1388 2355 1389 2366 ,

349 2388 532 2469 Gallorum,
551 2389 761 2478 Cassignatus
778 2402 939 2478 praeerat,
958 2403 991 2457 et
1006 2392 1087 2462 levis
1104 2405 1284 2460 armaturae
1300 2412 1353 2458 ceu·
1384 2449 1389 2486 ἵ

314 2496 417 2558 atum
434 2486 502 2552 fere
524 2497 557 2552 et
578 2486 810 2573 quinquaginta
826 2485 916 2571 Mysi
938 2496 995 2551 aut
1012 2482 1193 2553 Cretenses.
1238 2482 1353 2554 consh'tit
1385 2489 1389 2574 ζ

347 2602 404 2645 rex
421 2580 571 2658 incertus,
589 2591 709 2665 quanta
722 2591 806 2646 esset
816 2578 971 2668 [hostium
984 2578 1184 2668 multitud0].
1208 2582 1287 2647 duas
1299 2578 1352 2647 inde
1384 2585 1389 2660 ιζ

348 2696 390 2739 ex
408 2674 536 2759 agmine
552 2685 674 2740 turmas
684 2674 856 2752 Threcum,
874 2675 955 2740 duas
964 2673 1183 2741 Macedonum
1202 2699 1276 2743 cum
1291 2672 1353 2741 binis
1382 2679 1390 2720 ³

315 2790 329 2838 9
349 2764 552 2833 Cretensium
570 2767 752 2835 cohortibus
770 2779 802 2835 et
818 2768 980 2835 Threcum
996 2769 1092 2835 misit.
1118 2772 1285 2857 proelium,
1301 2789 1355 2836 cuu

348 2882 441 2945 pares
467 2883 600 2927 numero
623 2874 730 2929 essent
750 2886 855 2949 neque
877 2862 918 2928 ab
942 2864 1004 2928 hac
1027 2875 1082 2930 aut
1102 2864 1159 2930 illa
1180 2877 1272 2952 parte
1291 2884 1355 2931 nou

349 2956 468 3022 auxilia
480 2956 696 3037 subvenirent,
713 2958 836 3025 incerta
849 2958 982 3024 victoria
994 2958 1119 3025 finitum
1133 2973 1192 3026 est.
1220 2958 1355 3028 Eumenis

349 3051 449 3117 ferme
467 3052 598 3139 triginta
613 3052 782 3131 interfecti,
798 3054 883 3121 inter
899 3076 980 3138 quos
991 3053 1202 3142 Cassignatus
1221 3057 1288 3123 dux
1296 3054 1356 3122 Gal·

347 3144 452 3211 lorum
478 3146 601 3213 cecidit.
650 3158 683 3213 et
707 3159 786 3214 tunc
811 3148 943 3233 quidem
967 3149 1107 3215 Perseus
1132 3150 1174 3215 ad
1204 3149 1356 3218 Sucun'uu

298 3260 331 3308 10
349 3240 456 3327 copias
473 3242 610 3308 reduxit.
644 3252 773 3328 postero
791 3242 844 3309 dic
861 3243 947 3309 circa
964 3244 1100 3311 eandem
1115 3244 1229 3311 horam
1246 3248 1280 3312 in
1296 3266 1356 3312 eun·

348 3334 422 3400 dem
447 3334 554 3400 locum
575 3358 633 3402 rex
655 3338 762 3422 copias
785 3336 927 3402 admovit
948 3338 1099 3423 plaustris
1121 3360 1196 3403 cum
1220 3363 1303 3425 aqua
1321 3359 1358 3403 se·

348 3427 532 3511 quentibus;
558 3452 634 3494 nam
656 3430 825 3496 duodecim
846 3430 970 3496 milium
990 3455 1145 3518 passuum
1167 3431 1253 3521 [via]
1271 3429 1356 3499 omnis

348 3520 416 3585 sine
439 3542 523 3604 aqua
545 3532 577 3588 et
598 3524 727 3608 plurimi
748 3525 889 3611 pulveris
911 3536 994 3604 erat,
1023 3526 1233 3612 adfectusque
1256 3526 1359 3605 siti,s‘1
1388 3575 1389 3602 ,

347 3612 452 3698 primo
468 3614 503 3678 in
520 3627 693 3701 conspeetu
709 3615 924 3696 dimicassent,
941 3630 1140 3706 pugnaturos
1158 3621 1260 3689 fuisse
1277 3643 1359 3707 appa·
1388 3643 1389 3686 1

298 3727 329 3776 11
347 3706 448 3771 rebat.
502 3730 576 3773 cum
601 3709 741 3778 Romani
766 3712 929 3797 quiessent
954 3714 1143 3782 stationibus
1170 3717 1268 3783 etiam
1292 3716 1360 3781 intra

348 3800 469 3865 vallum
486 3802 635 3882 reductis,
653 3807 722 3892 regi
739 3827 867 3891 quoque
884 3808 919 3872 in
936 3819 1041 3874 castra
1058 3810 1203 3876 redeunt.
1240 3811 1300 3878 hcc
1315 3828 1360 3896 per

347 3894 469 3979 aliquot
490 3896 557 3962 dies
579 3897 737 3978 fecenmt,
763 3912 928 3987 sperantes
950 3903 1019 3970 fore
1037 3916 1074 3969 ut
1090 3903 1231 3971 Romani
1253 3905 1359 3991 equites

297 4009 329 4058 12
347 3988 533 4056 abeuntium
554 3992 763 4059 novissimum
781 4018 898 4083 agmen
921 3997 1185 4083 adgrederentur:
1212 4001 1288 4067 inde
1304 4018 1359 4063 cer

346 4086 465 4153 tamine
482 4098 551 4155 orto
564 4087 670 4177 [cum]
683 4089 810 4177 longius
823 4115 844 4157 a
858 4092 969 4158 castris
983 4114 1039 4159 ecs
1056 4094 1251 4175 elicuissent,
1267 4093 1356 4165 heile

347 4179 458 4245 ubiubi
476 4195 591 4263 essent,
609 4207 655 4262 se,
672 4184 728 4269 qui
744 4186 888 4270 equitatu
905 4199 938 4253 et
953 4187 1018 4253 levi
1032 4200 1194 4256 armatura
1209 4191 1282 4277 plus
1297 4208 1358 4277 pot·

347 4283 426 4350 sent,
445 4297 652 4344 conversuros
670 4277 780 4344 aciem.
