3359 5092
533 528 651 586 ranna
666 529 811 601 xxxin,
826 532 872 588 aa
885 531 929 587 aa.
948 536 987 600 [a.
996 530 1028 589 c.
1038 533 1100 603 171]
1291 519 1333 587 27

299 687 417 756 sedem
433 687 574 762 Pisauri,
592 699 624 753 et
640 686 775 764 Fundis,
788 698 824 754 et
840 688 1009 754 Potentiae
1028 690 1124 755 etiam
1141 713 1259 775 aquam
1277 692 1334 757 ad·

299 783 496 859 ducendam,
511 793 544 847 et
552 781 679 846 Pisauri
693 782 778 848 riam
792 783 880 847 silice
890 783 1103 860 sternendam,
1119 797 1149 851 et
1160 784 1333 852 Sinuessae
1353 809 1384 857 12

303 875 461 964 maga[lia
475 874 648 963 addend]a‚
661 877 805 957 †viariae
818 877 853 942 in
866 878 916 942 bis
930 889 963 943 et
976 877 1127 965 clo[acas,
1143 891 1175 946 et
1188 880 1332 967 mur]um

304 969 625 1057 circumducen[dum
655 968 690 1056 a]
722 982 754 1036 et
784 972 890 1036 forum
921 973 1095 1058 porticibus
1129 975 1332 1060 tabernisque

301 1065 520 1132 claudendum
543 1077 574 1131 et
597 1065 693 1129 Ianos
717 1066 773 1130 tris
796 1066 969 1131 faciendos.
1014 1066 1094 1133 baec
1117 1069 1158 1133 ab
1176 1092 1240 1135 uno
1259 1093 1333 1135 cen·
1352 1090 1383 1137 13

300 1183 373 1226 sore
392 1181 493 1245 opera
509 1159 614 1224 locata
630 1182 705 1224 cum
718 1182 836 1245 magna
854 1161 958 1246 gratia
972 1161 1165 1227 colonorum.
1191 1163 1333 1229 moribus

298 1276 432 1339 quoque
449 1254 599 1339 regendis
618 1253 752 1340 diligens
770 1264 802 1319 et
824 1277 936 1321 severa
954 1277 1088 1321 censura
1109 1255 1178 1321 fuit.
1223 1259 1331 1322 multis

298 1349 375 1433 equi
392 1346 547 1433 adempti.

363 1441 539 1508 XXVIII.
570 1440 670 1509 Exitu
691 1464 791 1528 prope
813 1442 888 1506 anni
915 1443 1000 1508 diem
1021 1465 1122 1508 unum
1143 1445 1332 1531 supplicatio
1352 1467 1365 1513 1

294 1537 362 1603 fuit
378 1536 424 1600 ob
445 1557 498 1601 res
521 1555 671 1622 prospere
693 1547 800 1622 gestas
822 1536 858 1601 in
875 1536 1033 1622 Hispania
1055 1538 1153 1604 ductu
1175 1539 1332 1625 auspicio·

295 1653 362 1718 que
380 1629 475 1716 Appi
494 1627 611 1695 Claudi
627 1629 838 1715 proconsulis3
863 1642 894 1697 et
911 1630 1084 1697 maioribus
1101 1632 1200 1698 bostis
1218 1634 1332 1721 viginti

293 1723 525 1792 sacrificatum.
578 1736 610 1790 et
635 1723 771 1790 alterum
796 1725 882 1790 diem
909 1726 1098 1811 supplicatio
1124 1727 1166 1792 ad
1192 1725 1364 1805 Cereris,2

294 1818 414 1886 Liberi
431 1817 636 1902 Liberaeque
663 1819 738 1896 fuit,
766 1820 853 1903 quod
880 1842 920 1886 ex
944 1818 1073 1886 Sabinis
1100 1832 1203 1887 terrae
1225 1835 1330 1887 motus

292 1916 413 2001 ingens
447 1933 522 1977 cum
551 1913 659 1977 multis
690 1912 908 1979 aedificiorum
933 1914 1033 1979 ruinis
1062 1916 1226 1980 nuntiatus
1252 1926 1329 1980 erat.

292 2029 373 2075 cnm
386 2008 456 2093 Ap.
472 2004 628 2072 Claudius
646 2030 686 2072 ex
699 2007 860 2094 Hispania
873 2005 1011 2073 Romam
1028 2009 1171 2086 redisset,
1189 2009 1329 2074 decrevit
1348 2030 1363 2076 3

293 2113 446 2180 senatus,
468 2112 505 2166 ut
521 2122 621 2168 ovans
642 2102 756 2168 urbem
778 2100 882 2168 iniret.
925 2102 989 2167 iam
1007 2102 1186 2168 consularia
1203 2103 1363 2171 comitiae

293 2197 511 2285 adpetebant3
542 2195 659 2279 quibus
684 2219 802 2282 magna
828 2198 1029 2263 contentione
1058 2198 1174 2264 habitis
1200 2208 1329 2283 propter

293 2290 539 2357 multitudinem
560 2291 735 2374 petentium
757 2291 855 2356 creati
877 2291 919 2355 L.
937 2290 1123 2356 Postumius
1140 2292 1279 2356 Albinus
1298 2303 1330 2356 et

294 2387 348 2452 M.
371 2384 532 2471 Popillius
558 2384 697 2449 Laenas.
750 2397 913 2470 praetores
938 2386 1013 2451 inde
1039 2386 1115 2450 facti
1141 2387 1183 2451 N.
1206 2385 1362 2451 Fabius5

296 2482 421 2558 Buteo,
442 2477 480 2544 C.
500 2479 679 2556 Matienus,
698 2476 737 2543 C.
756 2477 935 2556 Cicereius,
958 2480 1007 2543 M.
1024 2480 1143 2544 Furius
1162 2476 1329 2566 Crassipes
1472 2473 1475 2480 ¹

302 2575 436 2650 iterum,
456 2573 500 2637 A.
519 2573 638 2636 Atilius
658 2571 815 2639 Serranus
836 2574 967 2651 iterum,
991 2570 1031 2638 C.
1050 2569 1184 2638 Cluvius
1208 2572 1329 2639 Saxula
1431 2641 1433 2648 ,

304 2668 430 2733 iterum.
472 2668 596 2733 comitis
619 2668 767 2753 perfectis
785 2669 851 2754 Ap.
871 2664 1027 2733 Claudius
1046 2666 1171 2733 Centho
1195 2692 1236 2734 ex
1254 2665 1328 2733 Cel·
1347 2687 1361 2734 o

302 2761 409 2827 tiberis
434 2783 534 2825 ovans
557 2784 631 2826 eum
656 2762 690 2826 in
712 2763 826 2828 urbem
847 2762 954 2838 iniret,
981 2762 1091 2828 decem
1113 2762 1201 2828 milia
1222 2762 1328 2849 pondo

301 2856 434 2943 argenti,
453 2856 595 2939 quinque
609 2856 697 2922 milia
711 2857 780 2921 auri
797 2857 831 2921 in
845 2858 1002 2922 aerarium
1014 2857 1097 2922 tulit.
1123 2858 1239 2923 flamen
1248 2857 1328 2922 Diae
1347 2878 1361 2921 7

301 2951 337 3016 lis
353 2953 567 3036 inauguratus
585 2963 633 3016 est
652 2948 713 3017 Cn.
732 2950 912 3018 Cornelius.

362 3045 493 3111 Eodem
512 3068 594 3110 anno
613 3046 722 3111 tabula
743 3045 777 3111 in
795 3045 874 3112 aede
896 3047 1005 3112 matris
1023 3046 1172 3111 Matutae
1189 3068 1262 3109 cum
1279 3046 1361 3111 in-8

304 3140 368 3207 dice
394 3141 460 3206 boc
488 3141 595 3225 posita
620 3153 677 3206 est.
732 3142 797 3206 ui.
826 3140 996 3227 Semproni
1023 3139 1164 3206 Gracchi
1190 3140 1327 3204 consulis

304 3233 434 3321 imperio
461 3235 667 3320 auspicioque
692 3236 777 3321 legio
804 3237 1025 3319 exercitusque
1055 3234 1166 3319 populi
1190 3234 1328 3300 Romani

306 3327 487 3396 Sardiniam
507 3329 646 3415 subegit.
689 3329 724 3396 in
745 3353 785 3396 ea
809 3329 975 3417 provincia
994 3330 1135 3395 bostium
1155 3350 1251 3394 caesa
1272 3339 1329 3394 aut

305 3435 394 3510 capta
410 3445 512 3508 supra
525 3424 687 3509 octoginta
698 3424 795 3490 milia.
821 3448 856 3491 re
874 3425 1003 3511 publioa
1019 3423 1212 3490 felicissume
1226 3434 1327 3509 gesta,
1347 3441 1361 3488 9

304 3531 398 3602 atque
418 3517 563 3583 liberatis
585 3515 716 3605 [eoois],
737 3518 947 3605 vectigalibus
964 3518 1131 3596 restitutis,
1154 3518 1328 3583 exercitum

304 3612 425 3678 salvom
443 3623 540 3696 atque
557 3612 749 3680 incolmnem
765 3614 983 3700 plenissimum
999 3612 1120 3699 pracda
1132 3611 1262 3676 domum
1279 3634 1329 3676 re·

304 3706 456 3791 portavit,
484 3706 603 3771 iterum
633 3706 831 3793 triumphans
864 3708 899 3772 in
924 3707 1037 3773 urbem
1060 3707 1200 3772 Romam
1225 3704 1326 3770 rediit.

304 3800 394 3866 cuius
410 3801 459 3865 rei
475 3822 553 3887 ergo
574 3800 657 3870 hanc
678 3802 821 3867 tabulam
844 3802 963 3867 donum
979 3801 1051 3867 Iovi
1069 3800 1174 3866 dedit’
1219 3799 1329 3867 Sardi·
1348 3817 1379 3865 ιο

303 3894 373 3960 niae
390 3895 515 3960 insulae
531 3895 636 3961 forma
652 3907 729 3976 erat,
747 3907 843 3982 atque
859 3897 946 3962 inea
963 3896 1132 3962 simulacra
1148 3916 1327 3980 pugnarum

301 3989 399 4075 picta.

363 4084 508 4151 Munera
523 4085 737 4171 gladiatorum
750 4108 788 4152 eo
801 4108 885 4150 anno
901 4086 1032 4169 aliquot,
1049 4105 1149 4171 parva
1161 4082 1224 4146 alia
1238 4080 1326 4143 data:

300 4200 405 4244 unum
421 4191 496 4244 ante
515 4190 620 4245 cetera
635 4180 760 4267 insigne
776 4178 839 4243 fuit
856 4176 897 4240 Τ.
913 4178 1096 4256 Flaminini,
1115 4176 1201 4261 quod
1218 4173 1328 4238 mortis
1347 4191 1376 4238 11

299 4291 402 4338 causa
417 4273 518 4360 patris
535 4273 586 4338 sui
603 4296 676 4340 cum
693 4274 902 4340 visceratione
913 4274 1072 4360 epuloque
1090 4281 1122 4336 et
1139 4268 1223 4334 ludis
1239 4290 1328 4334 scae·
