3359 5092
496 540 614 595 uranu
630 539 786 610 xxxxv,
804 539 881 592 2-4.
902 537 1054 608 [aenea]
1229 526 1291 593 153

285 701 342 765 lato
364 720 472 763 artnuo
497 696 654 783 stipendio
676 696 793 761 dimitti
810 708 843 761 et
864 718 938 761 cum
960 695 1010 761 his
1028 719 1152 774 ornnes,
1180 698 1236 780 qui
1256 697 1290 762 in

285 794 410 884 ansulis
433 793 532 857 verba
556 793 753 868 iuraverant3
786 803 818 857 et
844 791 931 874 quod
956 792 1092 855 militum
1119 789 1291 876 Corcyrae,
1310 810 1341 859 11

285 889 429 964 Brundisi,
448 889 491 952 ad
506 910 594 951 mare
612 909 765 971 superum
782 897 838 950 aut
855 887 889 949 in
907 885 1140 971 agroLarinati
1156 898 1292 952 esset—

285 984 417 1048 >mnibus
440 982 489 1046 his
511 981 589 1046 locis
612 981 783 1067 dispositus
801 981 959 1045 exercitus
982 981 1101 1057 fuerat,
1124 1002 1198 1045 eum
1216 1002 1291 1063 quo,

285 1078 362 1143 ires
379 1088 535 1163 posceret,
555 1073 594 1140 O.
613 1075 759 1140 Licinius
777 1074 919 1161 collegae
936 1075 1034 1141 ferret
1052 1097 1146 1161 opem
1161 1111 1215 1151 -,
1233 1075 1291 1139 hos

285 1193 377 1236 >mnes
397 1170 514 1236 milites
537 1169 653 1233 dimitti
675 1169 805 1253 placuit.
850 1170 1040 1256 supplicatio
1062 1191 1120 1255 pro
1143 1169 1340 1236 contionari

285 1266 387 1351 iopulo
410 1264 531 1329 indicta
548 1274 596 1329 est
614 1286 655 1328 ex
672 1275 745 1328 ante
764 1264 850 1328 diem
872 1264 1019 1347 quintum
1041 1264 1114 1328 idus
1133 1261 1292 1329 Octobres

285 1382 342 1425 tum
359 1382 399 1424 eo
418 1359 470 1423 die
487 1360 522 1423 in
539 1359 679 1442 quinque
697 1358 774 1423 dies.

333 1454 396 1517 HI.
423 1453 477 1517 Ex
500 1452 628 1537 Illyrico
652 1453 715 1516 duo
737 1452 835 1538 legati
855 1450 895 1518 O.
915 1453 1060 1517 Licinius
1077 1453 1187 1522 Nerva
1204 1463 1235 1517 et
1251 1451 1292 1517 P.
1312 1471 1325 1519 1

285 1547 391 1613 Decius
409 1547 610 1622 nuntiarunt,
638 1546 814 1611 exercitum
831 1548 1015 1632 Illyriorum
1037 1569 1180 1625 caesum,
1204 1546 1293 1613 Gen·

285 1642 348 1706 ium
364 1665 476 1727 regem
494 1652 622 1727 captum
628 1688 637 1717 ,
659 1641 694 1704 in
711 1642 836 1706 dicione
854 1643 964 1729 populi
981 1641 1119 1707 Romani
1139 1654 1172 1707 et
1188 1641 1293 1727 Hlyri·

285 1758 343 1800 turn
360 1758 440 1800 esse.
472 1735 514 1799 ob
532 1758 585 1800 eas
603 1757 653 1799 res
671 1746 779 1820 gestas
797 1736 896 1801 ductu
913 1737 1119 1822 auspicioque
1136 1735 1177 1799 L.
1196 1736 1293 1801 Anici
1312 1754 1326 1801 2

285 1829 423 1894 tractaris
442 1840 568 1893 senatus
586 1828 620 1892 in
636 1829 776 1893 triduom
792 1831 1039 1916 supplicationes
1058 1830 1208 1894 decrevit.
1243 1830 1292 1893 in-

285 1923 372 1989 lictae
390 1947 411 1987 a
428 1924 558 1989 consule
580 1924 705 1988 suntin
722 1939 797 1990 ante
814 1922 932 2011 [diem]
950 1935 1099 2007 quartum
1117 1935 1149 1989 et
1165 1922 1294 1989 tertium

285 2027 303 2082 tt
317 2017 420 2103 pridie
437 2017 509 2081 idus
526 2017 734 2083 Novembres.

333 2111 510 2176 Tradidere
527 2111 658 2195 quidam
675 2110 962 2197 legatosRhodios,
980 2112 1123 2176 nondum
1135 2111 1292 2188 dimissos,
1311 2129 1326 2176 s

285 2220 343 2292 post
359 2208 525 2271 victoriam
542 2208 720 2271 nuntiatam
732 2207 820 2271 velut
837 2207 879 2271 ad
896 2206 1072 2271 ludibrium
1089 2206 1222 2271 stolidae
1240 2230 1293 2271 su·

285 2302 399 2386 terbiae
416 2302 451 2365 in
463 2313 609 2367 senatum
621 2312 751 2367 vocatos
766 2323 845 2365 esse.
872 2301 918 2364 ibi
926 2300 1101 2386 Agepolim
1118 2301 1294 2386 principem
1312 2321 1328 2366 4

285 2418 382 2460 torum
403 2396 449 2459 ita
474 2397 631 2460 locutum:
657 2395 772 2460 missos
794 2416 864 2460 esse
885 2395 1009 2481 legatos
1032 2395 1074 2459 ab
1096 2395 1230 2460 Rhodiis
1253 2395 1295 2460 ad

285 2511 383 2574 ¹uacent
400 2490 482 2555 inter
498 2490 659 2555 Romame
677 2500 710 2554 et
725 2488 848 2553 Persea
864 2488 1054 2566 faciendam,
1072 2489 1210 2572 quodid
1227 2488 1294 2553 bel-
1311 2508 1326 2555 5

285 2605 338 2648 um
354 2606 453 2669 gram
470 2595 566 2667 atque
583 2584 820 2648 incommodum
839 2580 997 2648 Graeciae
1016 2583 1111 2658 omni,
1130 2593 1295 2668 sumptuo-

285 2700 343 2742 urm
360 2699 399 2742 ao
416 2678 605 2742 damnosum
622 2678 699 2763 ipsis
714 2677 869 2742 Romanis
887 2688 979 2742 esset.
1006 2677 1166 2741 fortunam
1184 2675 1294 2762 populi
1312 2693 1326 2740 o

285 2770 409 2836 Romani
425 2771 643 2848 benefecisse,
661 2772 789 2854 quando
803 2770 892 2835 finito
907 2770 998 2836 aliter
1015 2771 1099 2835 bello
1112 2768 1294 2856 gratulandi

285 2864 333 2928 tibi
350 2866 390 2931 de
408 2865 540 2929 victoria
553 2865 683 2950 egregia
691 2865 845 2930 Romanis
860 2866 1129 2951 opportunitatem
1146 2864 1294 2929 dedisset.

285 2957 351 3023 baec
368 2959 409 3023 ab
418 2958 545 3023 Rhodio
563 2959 657 3035 diota,
675 2980 863 3045 responsum
877 2960 919 3023 ab
932 2971 1045 3024 senatu
1059 2981 1139 3036 esse,
1152 2958 1295 3023 Rhodios

285 3072 334 3116 nec
350 3052 532 3116 utilitatium
551 3050 705 3118 Graeciae
721 3050 855 3139 [gratia]
873 3073 979 3136 neque
997 3075 1075 3118 cura
1090 3053 1293 3137 inpensarum

285 3146 381 3229 populi
399 3146 552 3223 Romani,
570 3148 627 3213 sed
644 3170 702 3233 pro
719 3147 839 3213 Perseo
857 3147 1050 3232 legationem
1067 3168 1140 3211 eam
1156 3145 1294 3210 misisse:

285 3256 349 3301 uam
364 3239 392 3303 si
410 3262 448 3304 ea
464 3240 577 3306 fuisset
594 3263 680 3316 cura,
698 3262 782 3324 quae
800 3241 1017 3318 simularem,
1039 3252 1109 3304 tum
1125 3238 1296 3303 mittendos
1315 3257 1329 3302 t

285 3327 395 3416 legatos
416 3333 531 3411 fnisse,
560 3327 634 3400 oum¹
649 3333 789 3400 Perseus
812 3335 847 3399 in
863 3334 1063 3400 Thessaliam
1085 3334 1228 3399 exercitu
1248 3333 1297 3397 in·

287 3424 370 3492 ducto
386 3451 445 3513 per
467 3429 629 3493 biennium
648 3427 791 3494 Graecas
810 3429 907 3493 urbes
931 3428 1008 3494 alias
1026 3428 1201 3505 obsideret,
1219 3428 1297 3493 alias

288 3515 511 3586 denuntiatione
536 3544 697 3586 annorum
724 3533 869 3599 terreret;
901 3533 971 3587 tum
995 3523 1116 3587 nullam
1141 3522 1229 3608 pacis
1256 3523 1331 3589 aba

287 3605 407 3679 Rhodiis
429 3614 624 3680 mentionem
646 3616 773 3680 factam.
817 3626 988 3701 postquam
1011 3627 1175 3702 superatos
1198 3616 1297 3680 saltus

288 3715 552 3794 transgressosque
582 3710 616 3774 in
642 3709 868 3775 Macedoniam
893 3710 1056 3775 Romanos
1083 3710 1241 3776 audierint
1266 3721 1298 3774 et

286 3794 431 3866 inclusum
458 3803 559 3867 teneri
583 3802 718 3881 Persea,
749 3813 825 3868 tunc
852 3802 994 3868 Rhodios
1021 3805 1211 3891 legationem
1237 3804 1297 3868 mi-

285 3893 366 3971 tisse,
383 3917 448 3960 non
467 3895 623 3961 adullam
640 3898 736 3961 aliam
752 3920 820 3962 rem
837 3920 935 3981 quam
952 3899 993 3962 ad
1010 3898 1131 3965 Persea
1148 3922 1188 3964 ex
1204 3898 1298 3962 inmi-

285 3990 362 4052 nenti
386 3990 528 4074 perioulo
554 3991 759 4076 eripiendum.
813 4013 887 4057 oum
912 3992 973 4057 hoc
998 4014 1149 4079 responso
1174 3992 1297 4076 legatos

285 4082 430 4148 dimissos.

339 4179 420 4242 1111.
446 4178 513 4244 Per
531 4180 657 4244 eosdem
679 4180 746 4245 dies
764 4191 796 4245 et
812 4179 862 4244 M.
880 4180 1054 4245 Marcellus
1077 4203 1117 4245 ex
1134 4178 1297 4264 provincia
1317 4198 1327 4245 1

285 4273 434 4360 Hispania
461 4273 616 4338 decadem
639 4275 815 4339 Marcolica
839 4275 940 4339 nobili
965 4275 1044 4340 urbe
1066 4287 1160 4359 capta
1187 4274 1297 4338 decem
