3359 5092
433 489 655 590 remouere
672 501 876 589 ιιιιιιοιιιιιι
894 532 1166 590 cxx-cxxvii.
1248 518 1311 583 221
1404 484 1406 496 ’

291 677 351 741 tres,
366 673 578 793 caputnqnoquc
592 687 655 726 cum
669 671 768 726 dextra
780 687 868 726 manu
880 669 909 724 in
918 670 1014 724 rostris
1023 670 1145 741 positum
1154 674 1204 725 est.
1231 686 1312 741 prae-

291 749 360 796 terea
368 755 414 793 res
424 756 442 793 a
499 739 588 793 Bruto
597 740 627 794 in
636 738 758 795 Graecia
766 744 864 810 gestas
873 739 1006 793 continet.

345 819 385 860 nx
398 819 458 859 mn.
473 818 542 860 cxxi
556 818 606 869 er
621 819 725 859 snmus
738 819 811 860 eosr
823 819 978 860 nxuussvsr
989 816 1114 858 Avovsm
1127 817 1253 859 nrcmvn
1319 805 1322 820 '

333 874 364 931 C.
374 874 490 931 Cassius
518 875 564 930 cui
576 876 739 946 mandatnm
749 893 766 931 a
775 882 877 931 senatu
887 880 961 944 erat,
975 880 1007 929 ut
1015 874 1195 930 Dolabellam
1204 877 1313 931 hostem

293 944 435 999 iudicatum
443 915 521 1023 helio
529 949 756 1025 persequeretur,
772 945 939 1000 auctoritate
948 943 989 999 rei
998 943 1129 1024 publicae
1140 944 1250 1024 adiutus
1261 943 1313 1015 Sy·

294 1015 352 1068 rium
361 1030 426 1067 cunr
434 1012 525 1066 tribus
535 1012 715 1081 exercitibus,
749 1014 1181 1083 uiineademprovrncraerant,
1195 1019 1313 1083 inpote-

296 1088 383 1137 strtem
395 1098 477 1135 suam
489 1081 612 1153 redegit,
627 1030 808 1137 Dolabedlam
822 1083 853 1136 in
866 1082 936 1137 urbe
945 1080 1084 1135 Laudicia
1092 1082 1236 1136 obsessum
1244 1082 1314 1136 mori

297 1151 383 1223 coegit.
400 1149 440 1203 M.
452 1166 562 1221 quoque
571 1149 653 1204 Bruti
662 1149 739 1204 iussu
748 1149 779 1206 Ο.
789 1150 930 1205 Antonius
939 1154 1048 1220 captus,
1058 1150 1166 1204 occisus
1176 1156 1227 1205 est.

695 1231 734 1270 nx
747 1230 803 1270 un.
819 1230 913 1271 cxxu.
1210 1261 1213 1266 .

335 1287 372 1340 Μ.
391 1287 497 1341 Brutus
520 1287 653 1342 adversus
673 1286 799 1342 Thracas
820 1304 974 1368 parumper
991 1302 1123 1357 prospere
1140 1304 1200 1342 rem
1218 1286 1314 1358 gessit,

300 1357 465 1426 omnibusque
483 1356 675 1410 transmarinis
692 1356 842 1427 provinciis
860 1356 1084 1425 exercitibusque
1101 1355 1132 1409 in
1145 1360 1315 1426 potestatem

301 1426 343 1477 eius
357 1430 384 1479 et
397 1425 429 1480 C.
441 1423 522 1479 Cassi
534 1424 668 1493 redactis,
684 1425 811 1481 coierunt
824 1423 962 1505 Smyrnae
975 1430 1093 1494 uterque
1107 1425 1144 1478 ad
1159 1424 1314 1479 ordinanda

301 1492 352 1547 belli
359 1493 447 1547 futuri
456 1492 582 1547 consilia.
601 1492 639 1546 M.
649 1492 791 1549 Messalae
799 1493 977 1565 Popbcolam
984 1493 1101 1553 fratrem
1108 1492 1231 1547 vinctum
1241 1510 1314 1549 com-

302 1561 730 1619 nniconsiliocondonavcrunt.

686 1642 726 1683 nx
738 1642 796 1683 nm.
811 1642 909 1683 cxxnr.

318 1764 323 1775 ‚
339 1696 397 1753 Ser.
407 1698 558 1769 Pompeius
567 1698 666 1822 Magni
680 1698 767 1769 filius,
782 1700 909 1755 collectis
919 1699 1046 1771 epriro
1054 1698 1217 1779 proscriptis
1228 1697 1315 1753 aciu-

318 1766 390 1847 uvis,
405 1784 470 1821 cum
485 1768 608 1822 exercitu
637 1768 734 1824 iusine
743 1768 869 1824 ullaloci
878 1769 1041 1839 cuiusquam
1050 1784 1224 1840 possessione
1233 1784 1314 1837 prae·

378 1854 407 1889 m
419 1836 504 1905 mari,
519 1836 679 1892 Messanam
693 1837 826 1908 oppidum
840 1838 871 1891 in
885 1836 982 1893 Sicilia
992 1837 1127 1918 primum,
1147 1838 1212 1891 dein
1225 1841 1315 1890 totam

303 1904 456 1970 provinciam
478 1905 627 1975 occuparit
644 1905 793 1977 occisoque
809 1906 946 1977 Pompeio
964 1906 1114 1978 Bithynico
1131 1911 1261 1976 praetore
1280 1904 1314 1969 Q.

304 1972 475 2029 Salvidienum
484 1975 609 2045 legatum
619 1973 748 2030 Caesaris
756 1974 851 2030 navali
859 1976 967 2045 proelio
976 1975 1051 2030 vicit.
1074 1972 1314 2030 CaesaretAnto-

303 2040 349 2093 nius
365 2059 427 2096 cum
444 2042 612 2099 exercitibus
629 2043 660 2096 in
677 2042 828 2099 Graeciam
846 2044 1027 2113 traiecerunt,
1051 2043 1158 2098 bellum
1181 2044 1314 2098 adversus

303 2106 400 2164 Brutum
418 2118 447 2166 et
460 2110 587 2167 Cassium
604 2112 719 2183 gesturi.
747 2111 782 2176 Q.
796 2111 961 2168 Cornificius
975 2113 1004 2168 in
1016 2112 1115 2167 Africa
1130 2111 1164 2166 T.
1179 2110 1313 2180 Sextium,

304 2178 480 2235 Cassianarum
488 2180 609 2252 partium
619 2181 728 2250 ducem,
737 2181 846 2251 proelio
855 2181 931 2236 vicit.

685 2261 790 2301 nxnrn.
801 2261 911 2302 cmm.

340 2314 368 2371 C.
381 2316 485 2373 Caesar
503 2322 532 2373 et
548 2317 688 2373 Antonius
707 2319 783 2391 apud
800 2318 947 2390 Philippos
965 2317 1044 2373 vario
1062 2322 1165 2373 eventu
1182 2319 1314 2373 adversus

303 2379 401 2441 Brutum
414 2392 443 2441 et
457 2386 586 2441 Cassium
601 2392 811 2459 pugnaverunt,
830 2388 873 2443 ita
891 2393 922 2441 ut
940 2388 1038 2443 dextra
1050 2387 1195 2457 utriusque
1209 2403 1314 2441 cornua

302 2451 427 2509 vincerent
436 2460 465 2510 et
474 2461 567 2511 castra
575 2472 685 2527 quoqne
693 2456 832 2527 utrimque
843 2456 879 2511 ab
890 2456 924 2511 iis
933 2456 981 2526 qui
990 2456 1115 2510 vicerant
1121 2472 1314 2535 expugnaren-

302 2524 343 2575 tur.
362 2525 410 2580 sed
418 2524 596 2594 inaequalem
604 2524 747 2580 fortunam
755 2525 878 2597 partium
886 2542 961 2579 mors
970 2524 1049 2580 Cassi
1057 2523 1139 2593 iecit,
1155 2540 1204 2594 qur
1213 2525 1315 2578 cumin

303 2602 328 2643 eo
338 2607 418 2647 cornu
430 2592 529 2648 fuisset
530 2633 542 2673 ,
556 2594 632 2664 quod
643 2594 756 2665 pulsum
770 2599 845 2665 erat,
859 2599 948 2649 totum
962 2591 1112 2649 exercitum
1128 2592 1222 2646 fusum
1235 2598 1314 2647 ratus

304 2665 402 2715 nouem
415 2661 558 2715 conscivit.
586 2662 676 2719 altera
689 2663 755 2719 dein
769 2662 829 2719 acie
844 2663 933 2718 victus
946 2661 985 2717 M.
995 2662 1099 2716 Brutus
1112 2661 1214 2732 etipse
1227 2661 1315 2717 vitam

302 2722 366 2799 finiit,
377 2735 488 2785 exorato
499 2728 629 2786 Stratone
639 2730 726 2803 fugae
736 2732 846 2801 comite,
860 2736 892 2786 ut
901 2731 955 2786 sibi
963 2730 1091 2803 gladium
1101 2730 1237 2803 adigeret.
1265 2746 1313 2785 an·

302 2810 382 2873 norum
396 2804 456 2923 steret
466 2802 486 2867 [.
498 2838 505 2853 .
516 2804 538 2867 .]
548 2798 659 2855 circiter
667 2801 869 2873 quadraginta,
883 2801 957 2857 inter
965 2816 1035 2872 quos
1045 2798 1080 2866 Q.
1089 2799 1258 2855 Hortensius
1268 2817 1314 2856 oc-

303 2878 418 2923 titubes.

426 2932 432 2935 “
694 2941 734 2982 nx
746 2942 802 2982 nm.
819 2940 905 2982 cxxv.

342 3002 547 3061 Caesarrelicto
556 3012 720 3063 transmare
729 3006 853 3062 Antonio
865 3039 899 3047 -
908 3007 1069 3078 provinciae
1079 3026 1114 3064 ea
1122 3014 1202 3080 parte
1215 3009 1315 3078 imperi

302 3072 393 3138 positae
410 3074 437 3130 ei
455 3081 774 3132 cesserant-reversus
787 3076 817 3130 in
829 3075 944 3131 ltaliam
960 3076 1100 3132 veteranis
1114 3094 1197 3149 agros
1212 3078 1312 3132 divisit.

301 3139 434 3219 seditiones
453 3145 588 3198 exercitus
606 3144 662 3213 sui,
681 3161 751 3215 quas
770 3145 894 3216 corrupti
908 3163 925 3199 a
937 3144 1040 3200 Fulvia
1053 3145 1091 3199 M.
1105 3145 1214 3200 Antoni
1229 3162 1314 3200 uxore

301 3208 388 3264 nrbtes
401 3212 532 3266 adversus
545 3213 740 3283 imperatorem
754 3231 835 3267 suum
844 3214 1062 3283 concitaverant,
1079 3231 1142 3268 cum
1187 3213 1231 3267 avi
1241 3214 1314 3284 peri·

300 3276 351 3332 culo
361 3278 490 3334 inhibuit
516 3279 700 3344 L.,Antonius
709 3283 815 3351 consul,
830 3282 868 3336 M.
878 3282 986 3337 Antoni
993 3282 1090 3351 frater,
1106 3298 1141 3337 ea
1161 3298 1206 3336 em
1214 3281 1316 3336 Fulvia

300 3346 450 3403 consiliante
464 3347 570 3403 bellum
579 3349 695 3406 Caesari
707 3350 810 3405 intulit.
836 3352 958 3421 receptis
972 3353 1003 3405 in
1014 3354 1110 3422 partes
1118 3367 1184 3405 suas
1192 3350 1313 3421 populis,

299 3417 1315 3560 iffi}{iiiiaffiiiiiidissiriiisiieiahitiditiiiiw‘¹1²⁰

706 3529 713 3557 ι
788 3529 795 3559 ι
1204 3529 1211 3544 ·

692 3570 731 3609 nx
744 3570 801 3610 nm.
816 3568 912 3611 cxxvi

338 3622 444 3680 Caesar
460 3641 524 3680 cum
541 3631 615 3681 esset
632 3642 767 3681 annorum
784 3626 885 3699 viginti
898 3626 996 3696 trium,
1010 3626 1155 3682 obsessum
1169 3627 1198 3682 in
1211 3628 1315 3698 oppido

294 3687 402 3748 Perusia
413 3693 449 3748 L.
462 3694 618 3748 Antonium
635 3702 821 3766 conatumque
840 3695 1009 3765 aliquotiens
1022 3712 1167 3767 erumpere
1181 3702 1210 3752 et
1222 3715 1252 3752 re
1273 3698 1315 3751 ul-

292 3777 346 3815 rum
357 3762 434 3818 fame
445 3779 495 3817 coc
517 3762 756 3819 itindcditioncm
764 3764 873 3833 venire,
888 3764 997 3845 ipsique
1007 3769 1035 3819 et
1044 3765 1262 3820 omnibusmilitr
1283 3782 1315 3819 us

291 3829 344 3910 eius
356 3830 480 3904 ignovit,
493 3780 640 3887 {ensium
649 3832 746 3901 diruit,
761 3833 939 3903 redactisque
952 3850 982 3887 ιιι
990 3839 1159 3903 potestatem
1169 3852 1249 3889 suam
1258 3851 1314 3888 onr-

289 3899 366 4023 mqus
385 3900 517 4023 ⁸qiversae
539 3902 628 3972 partis
645 3902 812 3958 exercitibus
829 3902 937 3957 bellum
954 3902 1026 3958 citra
1042 3902 1130 3958 ullum
1148 3903 1315 3973 sanguinem

287 3983 318 4023 co
350 3985 415 4024 ecr.

684 4043 726 4084 EX
737 4041 795 4083 LlB·
809 4040 916 4085 cxxvn.

310 4130 314 4134 ’
333 4105 435 4163 Parthi
452 4106 596 4178 Labieno,
614 4107 662 4179 qui
678 4106 916 4179 Pompeianarum
933 4106 1054 4181 partium
1071 4108 1177 4173 fuerat,
1196 4103 1267 4157 duce
1285 4102 1314 4155 in

285 4175 396 4248 Syriam
404 4176 580 4257 inruperunt,
588 4174 718 4248 victoque
726 4176 846 4233 Decidio
856 4175 939 4260 Saxa,
949 4178 987 4232 M.
997 4175 1104 4231 Antoni
1112 4175 1216 4293 lefiato,
1226 4176 1315 4293 tqtam

285 4246 974 4386 ttettbtttttttrfffiutartetss
983 4241 1317 4370 {redigebatur
