3359 5092
332 524 378 591 54
539 533 1150 605 umussfflxn,sa.ss.[au.ecsa]

336 694 447 759 diebus
465 694 618 759 sacrificia
639 694 772 770 habers,
794 714 877 777 quae
895 691 1026 758 absente
1048 713 1082 756 se
1099 702 1184 757 recte
1204 690 1274 757 fieri
1289 713 1343 782 non

333 798 474 874 possent.
500 809 582 870 quae
599 809 664 852 non
681 787 784 872 magis
803 786 933 851 consule
950 807 1046 870 quam
1063 795 1206 871 praetore
1225 785 1343 852 absente

244 893 248 902 '
302 895 419 953 orecte
441 881 510 946 lieri
529 904 638 967 posse,
666 882 693 945 si
711 891 838 945 senatus
858 900 922 944 non
945 879 1022 963 quid
1039 878 1116 944 velit
1137 880 1171 944 in
1188 880 1341 945 consulatu

334 976 440 1062 potius
449 998 545 1060 quam
558 975 636 1058 quid
645 976 678 1039 in
688 985 837 1060 praetura
844 973 997 1039 iuraverit
1004 972 1044 1038 P.
1055 972 1198 1038 Licinius
1214 973 1341 1038 animad-
1372 967 1374 1002 l

334 1071 521 1136 vertendum
546 1092 616 1135 esse
643 1081 780 1134 censeat.
829 1091 863 1134 se
887 1079 994 1133 tamen
1015 1067 1159 1133 futurum
1174 1068 1338 1134 incenatus

299 1188 317 1234 4
332 1175 499 1252 potestate.
526 1164 662 1229 consulti
674 1176 792 1249 patres,
810 1163 863 1229 cui
875 1163 1073 1228 consulatum
1090 1163 1228 1249 populus
1236 1162 1338 1227 Roma·

332 1285 393 1327 nus
419 1283 485 1326 non
510 1273 676 1347 negasset,
703 1261 744 1326 ab
767 1283 802 1327 se
823 1259 1019 1347 provinciam
1045 1260 1156 1346 negari
1181 1256 1336 1346 superbum

299 1375 315 1424 t
333 1356 408 1433 rati,
434 1355 538 1420 sortiri
560 1356 706 1421 consules
728 1356 898 1421 iusserunt.
941 1354 982 1420 P.
1006 1354 1132 1421 Licinio
1153 1353 1336 1428 Macedonis,

335 1447 407 1536 [0.]
427 1447 540 1515 Cassio
563 1449 656 1514 Italia
683 1450 822 1515 obvenit.
871 1449 1013 1537 legiones
1039 1449 1113 1516 inde
1139 1449 1241 1514 sortiti
1266 1457 1334 1513 sunt:

333 1544 435 1628 prima
453 1555 485 1608 et
507 1543 599 1608 tertia
620 1543 654 1609 in
671 1544 897 1609 Macedoniam
914 1544 1134 1621 traicerentur,
1161 1544 1297 1609 secunda
1312 1551 1334 1606 et

334 1649 446 1720 quarta
464 1648 499 1702 ut
516 1637 550 1701 in
566 1638 661 1702 Italia
677 1649 886 1704 remanerent.

397 1729 561 1797 Dilectum
584 1734 730 1799 consules
753 1734 853 1799 multo
875 1732 1042 1798 intentiore
1065 1752 1162 1815 quam
1184 1732 1260 1797 alias
1276 1751 1332 1796 curt

300 1825 502 1892 shabebant.
555 1827 700 1894 Licinius
734 1840 858 1894 veteres
889 1850 1017 1913 quoque
1048 1826 1207 1892 scribebat
1239 1827 1332 1891 milites

333 1922 609 2005 centurionesque3
637 1935 669 1987 et
685 1923 777 1987 multi
794 1923 957 1988 voluntate
974 1921 1103 1987 nomina
1121 1921 1254 1998 dabant,
1278 1918 1332 2003 quir

333 2011 505 2097 locupletes
522 2015 675 2081 videbant
697 2016 753 2099 qui
774 2017 880 2102 priore
897 2014 1108 2082 Macedonico
1125 2014 1210 2080 bello
1228 2011 1332 2079 autad

301 2124 315 2169 7
335 2129 446 2173 versus
454 2109 650 2174 Antiochum
663 2110 698 2175 in
706 2110 788 2174 Asia
801 2111 960 2196 stipendia
972 2110 1124 2175 fecerant.
1152 2131 1225 2173 eum
1237 2101 1333 2174 tribuni

333 2200 484 2278 militum,
507 2204 562 2288 qui
585 2204 785 2270 centuriones
803 2216 923 2280 essent,
945 2204 1084 2290 primum
1100 2223 1260 2287 quemque
1276 2202 1333 2267 cita·

333 2306 413 2369 rent,
431 2307 493 2361 tres
503 2311 534 2362 et
547 2298 661 2384 viginti
670 2300 880 2376 centuriones,
900 2298 954 2384 qui
967 2298 1085 2385 primos
1099 2298 1181 2383 pilos
1192 2298 1333 2368 duxerant

334 2389 421 2455 citati
443 2391 584 2457 tribunos
606 2393 708 2478 plebis
731 2395 941 2480 appellarunt.
985 2393 1049 2459 duo
1071 2415 1112 2458 ex
1136 2393 1280 2480 collegio,
1299 2388 1332 2455 ll

332 2482 466 2550 Fulvius
483 2485 629 2552 Nobilior
652 2500 683 2553 et
700 2487 749 2553 M.
769 2486 924 2554 Claudius
941 2488 1131 2565 Marcellus,
1150 2488 1192 2552 ad
1210 2485 1332 2553 consulet

299 2590 314 2637 8
332 2579 520 2645 reiciebant:
545 2602 655 2646 eorum
673 2582 888 2667 cognitionem
906 2605 976 2648 esse
994 2582 1124 2657 debere,
1143 2582 1258 2665 quibus
1275 2579 1332 2645 dile

333 2682 402 2738 ctus
420 2673 599 2757 quibusque
617 2675 736 2740 bellum
748 2677 935 2742 mandatum
948 2687 1045 2754 esset;
1063 2675 1160 2741 ceteri
1174 2675 1331 2761 cognitura

334 2788 383 2840 se,
406 2766 528 2849 dequo
551 2769 702 2853 appellati
720 2783 840 2847 essent,
861 2770 990 2835 aiebant
1011 2781 1056 2846 et,
1079 2770 1107 2834 si
1123 2769 1239 2834 iniuria
1255 2769 1331 2836 fieret
1374 2797 1376 2804 ¹

334 2858 487 2921 auxilium
504 2859 627 2924 civibus
645 2861 774 2927 laturos.

301 2970 315 3017 1
397 2951 571 3018 XXXIII.
597 2954 653 3020 Ad
671 2957 822 3022 subsellia
839 2957 1038 3022 tribunomm
1060 2979 1111 3021 res
1129 2957 1292 3042 agebatur;
1306 2969 1331 3016 st

333 3046 381 3110 M.
391 3046 547 3134 Popillius
561 3052 745 3129 consularis,
764 3054 939 3118 advocatus
955 3049 1202 3137 [centurionum
1220 3048 1264 3136 et]
1278 3067 1330 3113 ceu·
1371 3079 1377 3087 ·

300 3159 314 3205 2
333 3141 471 3207 turiones
489 3154 521 3209 et
538 3146 648 3209 consul
667 3159 831 3213 venerunt.
877 3147 1007 3211 consule
1024 3145 1098 3210 inde
1115 3143 1328 3231 postulanda

332 3236 366 3300 in
383 3238 529 3304 contione
548 3261 586 3304 ea
603 3263 654 3305 res
673 3253 834 3326 ageretur,
853 3242 991 3326 populus
1008 3241 1042 3305 in
1060 3241 1239 3307 contionem
1256 3237 1329 3304 advo

333 3340 432 3394 catus.
475 3354 533 3416 pro
552 3334 789 3399 centurionibus
806 3334 855 3398 M.
874 3333 1045 3419 Popillius,
1064 3334 1119 3418 qui
1137 3334 1263 3399 biennio
1277 3337 1329 3396 aute
1374 3359 1377 3370 ·

299 3438 314 3484 a
334 3423 444 3487 consul
467 3425 586 3502 fuerat,
607 3427 654 3491 its
676 3428 774 3493 verba
796 3428 887 3493 fecit:
909 3428 1061 3492 militares
1083 3428 1228 3493 homines
1245 3437 1274 3492 et
1291 3418 1330 3487 st'r
1370 3425 1378 3434 '

332 3516 449 3600 pendia
473 3516 558 3582 iusta
582 3531 614 3584 et
635 3542 768 3606 corpora
790 3533 822 3587 et
850 3532 951 3587 aetate
974 3533 1005 3587 et
1027 3521 1169 3585 adsiduis
1192 3517 1330 3586 laboribus

334 3609 478 3674 confecta
494 3611 622 3689 habere,
640 3615 719 3678 nihil
733 3639 880 3682 recusare
893 3626 1010 3693 tamen,
1028 3637 1092 3700 quo
1106 3616 1213 3681 minus
1226 3628 1330 3702 operam
1370 3641 1377 3650 ·

332 3701 379 3765 rei
396 3702 543 3786 publicae
561 3707 650 3785 dent;
676 3707 711 3771 id
732 3720 857 3774 tantum
875 3708 1050 3797 deprecari,
1077 3732 1118 3776 ne
1141 3704 1332 3776 inferioresb
1373 3737 1377 3742 ·

333 3795 475 3872 ordines,
493 3818 589 3881 quam
606 3822 685 3883 quos
705 3798 809 3889 [cum]
827 3804 1017 3870 militassent
1033 3803 1237 3881 habuissent,
1258 3796 1334 3870 adffi·
1373 3827 1378 3836 ·

297 3887 513 3954 abuerentur.
556 3890 596 3956 P.
615 3892 758 3960 Licinius
782 3899 892 3962 consul
917 3898 1208 3964 senatusconsulta
1230 3889 1334 3964 recitari

330 3982 437 4060 iussit,
459 3984 597 4068 primum
614 4009 677 4070 quo
695 3989 815 4055 bellum
833 4003 963 4058 senatus
980 3991 1100 4058 Perseo
1118 3992 1276 4068 iussisset,
1295 3988 1336 4052 de

331 4076 405 4143 inde
436 4098 500 4162 quo
530 4091 653 4146 veteres
684 4086 881 4152 centuriones
912 4108 1009 4170 quam
1044 4086 1219 4173 plurimum
1249 4085 1288 4152 ad
1310 4075 1336 4143 ἱ(1

330 4168 449 4279 bellum
472 4174 570 4242 scribi
591 4180 765 4247 censuisset
784 4205 846 4249 nec
866 4185 939 4262 ulli,
965 4185 1022 4269 qui
1047 4207 1112 4251 non
1138 4186 1242 4251 maior
1262 4180 1337 4251 anniv

296 4282 312 4328 5
331 4268 564 4354 qunquaginta
581 4283 675 4350 esset,
693 4277 890 4343 vacationem
907 4279 1038 4346 militiae
1056 4302 1135 4346 esse.
1164 4282 1339 4366 deprecatu
