3359 5092
520 549 638 606 amun
655 549 831 622 xxxma,
849 551 893 606 21.
907 551 950 606 aa.
969 555 1008 618 [a.
1019 550 1050 608 o.
1061 552 1124 622 169]
1271 539 1334 606 105

259 655 266 682 Ρ

259 703 262 764 ζ
314 707 416 794 exigit.
469 706 681 773 Penestarum
707 708 834 774 obsides
861 708 1081 794 Apolloniam,
1107 710 1335 777 Parthinorum

259 881 263 890 Ι
313 801 549 887 Dyrrhachium
569 814 705 867 —tum
730 802 904 888 Epidamni
935 805 1037 890 magis
1065 805 1189 872 celebre
1217 829 1335 874 nomen

259 935 261 942 ·
313 894 441 961 Graecis
461 907 530 961 erat
544 931 589 942 —
606 896 704 961 missi.

259 999 268 1090 ἰΙ
369 991 436 1076 Ap.
455 987 612 1055 Claudius
630 1001 794 1076 acceptam
810 990 845 1055 in
862 991 1018 1077 Hlyrico
1009 993 1218 1078 rgnominiam
1236 996 1333 1061 corri-
1350 1018 1367 1064 4

259 1109 268 1176 ;
311 1107 381 1170 gere
399 1084 533 1170 cupiens
549 1083 747 1162 Phanotam,
770 1083 862 1170 Epiri
880 1087 1061 1164 castellum,
1084 1087 1213 1153 adortus
1231 1112 1334 1175 oppu-

259 1233 265 1240 .
311 1201 404 1263 gnare
422 1190 481 1243 est.
508 1178 627 1244 auxilia
640 1178 861 1244 Athamanum
875 1179 1190 1266 Thesprotorumque
1207 1195 1333 1269 praeter

259 1324 268 1352 ,
311 1273 489 1338 Romanum
507 1274 695 1350 exercitum,
725 1274 768 1338 ad
790 1296 848 1338 sex
866 1270 994 1360 [milia]
1018 1274 1197 1354 hominum,
1224 1299 1332 1343 secum

259 1387 269 1412 =·
312 1366 456 1444 adduxit,
475 1388 581 1451 neque
599 1389 714 1453 operae
732 1367 871 1453 pretium
888 1368 975 1445 fecit,
994 1365 1110 1445 Cleua,
1132 1371 1188 1454 qui
1205 1372 1332 1437 relictus
1351 1393 1366 1440 5

313 1460 463 1527 sPerseo
481 1472 558 1539 erat,
578 1483 652 1527 cum
671 1462 777 1527 valido
795 1462 954 1548 praesidio
973 1463 1173 1530 defendente.
1206 1477 1238 1530 et
1254 1465 1334 1532 Per-

259 1587 267 1646 ;'
314 1577 379 1620 scus
402 1555 562 1621 Elimeam
586 1557 749 1643 profectus
773 1567 805 1621 et
827 1556 912 1621 circa
934 1580 1005 1622 eam
1027 1558 1168 1624 exercitu
1189 1560 1333 1637 lustrato,

259 1651 266 1698 '·
313 1647 502 1716 adStratum
514 1650 703 1715 vocantibus
714 1650 855 1737 Epirotis
869 1651 966 1716 ducit.
995 1650 1121 1718 Stratus
1138 1654 1334 1720 validissima
1352 1666 1366 1714 6

259 1737 263 1812 ,ἶ
312 1755 375 1809 tum
391 1744 468 1810 urbs
478 1745 625 1811 Aetoliae
643 1756 725 1824 erat3
744 1745 805 1810 sita
818 1756 867 1810 est
882 1768 978 1832 super
986 1745 1197 1812 Ambracium
1215 1749 1331 1827 sinum,

259 1909 261 1920 ¹
312 1861 405 1925 prope
422 1862 550 1905 amnem
566 1839 733 1905 Inachum.
766 1862 840 1906 cum
859 1840 970 1905 decem
987 1840 1116 1906 milibus
1133 1842 1276 1927 peditum
1294 1865 1332 1909 co

259 1968 269 2010 ,ι
311 1936 467 2020 profectus
486 1946 535 2002 est
551 1946 583 2001 et
604 1935 764 2020 equitibus
782 1935 946 2012 trecentis,
969 1957 1049 2018 quos
1070 1938 1237 2022 pauciores
1259 1960 1333 2024 pro-

310 2041 376 2114 pter
384 2029 549 2115 angustias
564 2030 688 2094 viarum
702 2040 734 2094 et
747 2029 952 2115 asperitatem
967 2030 1068 2095 duxit.
1096 2031 1188 2096 tertio
1198 2031 1250 2096 die
1260 2053 1334 2097 cum
1352 2051 1366 2095 ι

259 2121 267 2134 ”
309 2125 502 2210 pervenisset
519 2124 560 2189 ad
578 2121 700 2188 Citium
717 2136 873 2200 montem,
897 2123 952 2187 vix
970 2134 1187 2211 transgressus
1204 2137 1334 2212 propter

310 2218 505 2283 altitudinem
533 2218 615 2283 nivis
646 2219 755 2283 locum
780 2239 909 2302 quoque
941 2218 1052 2283 castris
1079 2242 1175 2306 aegre
1201 2220 1330 2286 invenit.

308 2312 467 2398 profectus
484 2312 558 2376 inde
579 2311 682 2398 magis
705 2313 781 2396 quia
802 2334 932 2378 manere
948 2333 1015 2376 uon
1039 2322 1179 2398 poterat,
1203 2310 1366 2399 [quam]8

308 2407 392 2491 quod
408 2406 581 2472 tolerabilis
599 2419 655 2471 aut
672 2406 726 2472 via
743 2418 800 2471 aut
816 2417 989 2494 tempestas
1007 2417 1100 2483 esset,
1119 2407 1333 2493 cum'ingenti

307 2501 483 2578 vexatione,
500 2502 671 2587 praecipue
688 2501 913 2578 iumentorum,
932 2501 1031 2565 altero
1050 2499 1101 2565 die
1119 2500 1162 2565 ad
1178 2502 1333 2587 templum

307 2596 402 2674 Iovis,
419 2597 576 2662 Nicaeum
589 2619 687 2681 quem
699 2607 825 2674 vocant,
843 2596 951 2682 posuit
968 2605 1081 2660 castra.
1107 2595 1150 2660 ad
1158 2596 1332 2659 Aratthum
1351 2612 1365 2661 o

308 2691 378 2757 inde
405 2692 527 2756 flumen
551 2691 663 2756 itinere
692 2691 816 2778 ingenti
842 2712 971 2756 emenso
998 2700 1139 2755 retentus
1166 2689 1332 2756 altitudine

307 2785 408 2850 amnis
427 2782 499 2872 [..]
522 2784 648 2849 mansit.
693 2806 757 2868 quo
776 2783 878 2870 spatio
896 2783 1048 2869 temporis
1065 2794 1161 2869 ponte
1178 2784 1331 2870 perlecto,

305 2880 460 2944 traductis
478 2880 576 2966 copiis
594 2878 657 2943 diei
674 2900 863 2965 progressus
880 2878 940 2943 iter
957 2878 1089 2943 obvium
1098 2879 1332 2943 Archidamum

303 2973 481 3059 principem
502 2974 707 3051 Aetolorum,
733 2994 909 3059 perquem
933 2972 962 3037 ei
985 2970 1112 3038 Stratus
1139 2973 1333 3049 tradebatur,

304 3068 428 3133 habuit.

368 3162 490 3226 XXII.
517 3160 568 3226 Eo
582 3162 633 3227 die
647 3161 689 3226 ad
700 3162 798 3227 finem
811 3162 881 3248 agri
890 3161 999 3228 Aetoli
1014 3171 1117 3227 castra
1133 3161 1246 3245 posita,
1259 3159 1333 3225 inde
1354 3180 1366 3225 1

305 3259 405 3323 altero
429 3257 480 3321 die
507 3256 549 3320 ad
574 3255 719 3323 Stratum
743 3268 948 3342 perventum3
974 3255 1031 3320 ubi
1057 3276 1156 3340 prope
1178 3253 1366 3319 Inachums

304 3373 434 3417 amnem
457 3351 568 3415 eastris
587 3348 730 3437 [positis]
749 3373 822 3416 cum
844 3360 1027 3435 expectaret
1050 3347 1167 3414 effusos
1186 3348 1333 3413 omnibus

304 3448 406 3534 portis
431 3444 564 3509 Aetolos
590 3446 624 3509 iu
649 3445 746 3510 fidem
768 3468 861 3510 suam
884 3455 1049 3521 venturos,
1076 3444 1200 3508 clausas
1225 3453 1333 3529 portas

304 3553 403 3625 atque
423 3540 497 3625 ipsa
516 3562 557 3604 ea
577 3550 685 3617 nocte,
712 3560 778 3622 qua
798 3549 944 3616 venerat,
972 3549 1134 3623 receptum
1153 3537 1334 3602 Romanum

303 3635 501 3724 praesidium
519 3655 593 3698 cum
610 3631 649 3698 C.
664 3633 803 3719 Popillio
820 3633 928 3719 legato
945 3633 1076 3697 invenit.
1103 3632 1261 3719 principes
1280 3633 1335 3716 qui
1353 3649 1367 3699 8

303 3727 483 3817 praesentis
501 3727 691 3792 Archidami
717 3728 905 3792 auctoritate
932 3726 1078 3811 conpulsi
1099 3749 1208 3812 regem
1231 3749 1335 3792 arces·

303 3825 435 3901 sistant,
453 3821 583 3887 obviam
601 3843 730 3907 egresso
743 3821 941 3886 Archidamo
955 3820 1117 3906 segniores
1135 3820 1212 3884 facti
1229 3821 1335 3885 locum
1413 3821 1417 3826 ’

303 3919 460 3985 adversae
477 3917 610 3982 factioni
628 3916 781 3982 dederant
798 3916 840 3980 ad
856 3914 1033 4001 Popillium
1050 3937 1124 3980 cum
1142 3915 1228 3979 mille
1244 3914 1334 3999 pedi-

303 4014 392 4078 tibus
401 4013 443 4077 ab
453 4010 631 4076 Ambracia
641 4010 877 4076 accersendum.
903 4010 1090 4096 intempore
1099 4020 1131 4074 et
1139 4008 1333 4085 Dinarchus,
1351 4026 1369 4076 4

302 4107 487 4194 praefectus
506 4106 651 4191 equitum
667 4105 771 4189 gentis
789 4105 994 4182 Aetolorum,
1018 4125 1093 4169 cum
1110 4102 1261 4168 sescentis
1278 4125 1336 4189 pe-

303 4201 427 4266 ditibus
445 4212 478 4266 et
494 4200 656 4285 equitibus
674 4197 819 4286 [centum
835 4196 949 4285 venit]
983 4200 1059 4264 satis
1078 4198 1243 4264 constabat
1261 4218 1368 4266 eume

302 4309 472 4381 tamquam
489 4296 532 4360 ad
549 4295 672 4362 Persea
689 4294 872 4360 tendentem
890 4292 1034 4362 Stratum
1052 4292 1191 4370 venisse,
1213 4303 1335 4358 mutato
