3359 5092
348 517 415 587 114
534 557 539 572 ·
558 530 676 586 LIBER
692 529 882 601 XXXXIIII,
902 530 927 586 l.
941 530 967 585 8.
985 531 1173 600 [ausast]

345 693 469 758 animos
487 688 548 756 sibi
562 688 753 764 conciliaret,
772 688 936 774 opsidibus
951 698 1118 755 contentus
1132 689 1201 754 sine
1219 712 1292 775 prae

346 786 525 870 relinquere
543 805 578 848 se
594 786 622 849 is
640 783 753 849 urbem
771 782 983 867 inmunesque
1000 804 1038 849 ac
1053 782 1119 847 suis
1136 783 1292 869 legibuss

311 903 328 953 s
346 903 399 946 ros
417 891 465 946 est
481 878 652 966 pollicitus.
678 899 867 963 progressus
884 877 959 942 inde
978 877 1040 942 diei
1058 878 1118 943 iter
1135 879 1177 941 ad
1194 879 1292 943 Ascor

346 977 466 1040 flumen
487 972 595 1059 posuit
618 982 736 1050 castra,
764 983 797 1037 et
818 982 975 1056 quantum
997 972 1185 1058 procederet
1207 973 1292 1059 longi

347 1067 527 1144 Thessalia,
551 1088 589 1131 eo
607 1065 759 1131 maiorem
782 1086 890 1131 rerum
908 1066 1050 1131 omnium
1072 1065 1215 1152 inopiam
1240 1090 1292 1131 sen

313 1184 327 1232 7
345 1185 509 1250 regressus
524 1161 566 1227 ad
573 1159 676 1224 Dium
691 1171 739 1224 est
753 1160 949 1225 dubitatione
959 1160 1106 1226 omnibus
1123 1172 1282 1247 exempta,

345 1258 517 1324 intercluso
530 1256 572 1320 ab
588 1254 756 1320 Thessalia
768 1254 956 1340 patiendum
969 1254 1093 1332 fuisset,
1112 1255 1165 1320 oui
1179 1257 1290 1341 procul

311 1351 519 1421 sabsoedere
545 1360 652 1414 tutum
678 1370 743 1413 non
769 1361 863 1413 esset
907 1348 1046 1415 Perseus
1073 1349 1191 1414 coactis
1218 1350 1292 1414 inu

346 1445 494 1510 omnibus
517 1444 616 1529 copiis
642 1442 843 1526 ducibusque
869 1443 1033 1529 increpare
1047 1443 1237 1530 praefectos
1259 1467 1292 1529 pr

314 1560 328 1608 9
348 1540 489 1616 diorum,
516 1549 589 1603 ante
608 1560 718 1603 omnes
736 1537 1001 1624 Asclepiodotum
1023 1550 1120 1623 atque
1137 1540 1292 1624 Hippiam

346 1634 396 1698 his
409 1633 514 1698 dicere
528 1632 665 1699 claustra
673 1632 885 1698 Macedoniae
898 1633 1014 1699 tradita
1022 1633 1176 1699 Romanis
1191 1657 1271 1711 esse,
1286 1660 1292 1695 ‹

297 1749 329 1799 10
347 1729 459 1814 culpae
491 1750 565 1793 reus
593 1748 687 1792 nemo
712 1726 827 1791 iustius
855 1749 951 1812 quam
982 1728 1051 1814 ipse
1078 1727 1202 1792 fuisset.
1256 1750 1292 1793 co

345 1832 516 1907 postquam
533 1844 574 1887 ex
592 1822 656 1886 alto
675 1833 847 1907 conspecta
864 1822 973 1886 classis
997 1844 1088 1907 spem
1105 1822 1182 1887 fecit
1200 1844 1274 1887 cum

346 1928 455 1981 meatu
476 1939 574 1982 naves
602 1915 710 1981 venire
727 1952 771 1961 -
787 1917 901 2002 ingens
925 1916 1011 1982 enim
1033 1916 1147 1981 caritas
1170 1940 1292 1982 annona

346 2008 446 2097 prope
463 2010 571 2096 inopia
589 2021 656 2075 erat
672 2047 717 2058 —
734 2012 775 2077 ab
798 2011 932 2077 invectis
955 2012 1019 2077 iam
1041 2022 1171 2098 portum
1195 2012 1285 2076 audit

297 2125 328 2171 11
346 2106 445 2171 rarias
462 2127 561 2171 naves
578 2105 769 2191 Magnesiae
786 2106 912 2172 relictas
931 2129 1010 2171 esse.
1054 2106 1175 2172 incerto
1193 2107 1268 2172 inde
1286 2132 1292 2169 r

347 2223 422 2264 nam
448 2200 611 2287 agendum
635 2200 779 2265 foret-
796 2200 878 2266 adeo
904 2201 972 2267 sine
999 2200 1064 2265 ulla
1086 2222 1146 2286 ope
1168 2200 1269 2266 hostis

348 2294 547 2379 adgravaret,
566 2316 641 2359 cum
658 2295 730 2380 ipsa
746 2294 933 2361 difficultate
955 2317 1063 2360 rerum
1080 2296 1292 2380 pugnandum

298 2408 329 2456 12
346 2424 391 2435 —
415 2400 652 2475 peropportune
678 2389 800 2455 litterae
828 2414 848 2455 a
876 2388 933 2477 Sp.
960 2390 1113 2455 Lucretio
1140 2391 1268 2457 adlatae

348 2484 478 2549 castella
503 2506 554 2561 se,
582 2505 664 2568 quae
687 2505 785 2569 super
806 2484 930 2569 Tempe
957 2495 1063 2550 essent
1089 2495 1122 2548 et
1143 2485 1229 2549 circa
1251 2485 1291 2549 Pl

347 2590 455 2644 tenere
469 2579 575 2643 omnia
591 2579 806 2662 frumentique
819 2579 854 2644 in
866 2580 905 2643 iis
921 2590 952 2644 et
966 2579 1100 2644 aliarum
1113 2579 1147 2643 in
1161 2603 1259 2643 usum
1273 2604 1292 2643 r·

348 2673 474 2759 copiam
490 2673 660 2739 invenisse.

316 2786 329 2832 1
413 2766 509 2832 VIII.
536 2767 600 2830 His
617 2789 811 2853 magnopere
828 2768 931 2833 laetus
946 2769 1057 2833 consul
1075 2767 1116 2831 ab
1126 2766 1192 2831 Dio
1207 2767 1291 2832 adP

350 2859 451 2936 ducit,
475 2859 569 2923 simul
592 2872 629 2923 ut
644 2862 839 2946 praesidium
857 2862 925 2927 eius
942 2862 1096 2938 firmaret,
1120 2861 1216 2925 simul
1235 2874 1292 2926 ut:

315 2973 329 3020 2
347 2952 554 3029 frumentum,
573 2954 663 3019 cuius
678 2955 770 3021 tarda
783 2955 949 3021 subvectio
964 2968 1041 3033 erat,
1059 2955 1226 3021 divideret.
1252 2980 1290 3021 ea

348 3047 444 3113 feotio
461 3046 582 3112 famam
603 3048 853 3134 haudquaquam
871 3050 1045 3115 secundam
1062 3049 1185 3115 habuit.
1233 3075 1292 3115 nau

347 3154 436 3207 metu
452 3142 621 3209 recessisse
644 3166 719 3209 eum
736 3144 778 3209 ab
796 3144 886 3209 hoste
904 3144 1065 3221 ferebant,
1089 3144 1166 3229 quia
1184 3168 1292 3211 maner

315 3256 330 3303 3
348 3236 456 3303 Pieria
472 3237 593 3323 proelio
607 3237 823 3304 dimicandum
839 3238 933 3315 foret,
952 3238 1006 3303 alii
1022 3239 1182 3324 ignarum,
1201 3239 1280 3305 belli

348 3330 382 3395 in
400 3331 468 3396 dies
485 3331 614 3398 fortuna
631 3344 773 3411 novaret,
791 3344 828 3398 ut
840 3334 1079 3419 opperientibus
1097 3356 1167 3398 sese
1184 3334 1284 3399 rebus

315 3445 332 3490 4
349 3424 429 3489 sisse
444 3424 645 3491 demonibus
659 3449 708 3505 ea,
727 3448 809 3512 quae
827 3449 903 3492 mox
920 3427 1022 3513 repeti
1035 3449 1098 3492 non
1116 3440 1259 3512 possent.
1286 3452 1292 3491 t

350 3517 435 3582 enim
462 3518 556 3583 cessit
577 3521 778 3605 possessione
799 3520 873 3598 Dii,
900 3522 1050 3586 excitavit
1071 3521 1213 3597 hostem,
1242 3533 1280 3587 ut

349 3612 480 3677 tandem
492 3614 623 3679 sentiret
635 3615 853 3701 recuperanda
862 3638 932 3681 esse
946 3638 1029 3700 quae
1041 3615 1129 3701 prius
1140 3613 1275 3701 [ipsius]
1286 3641 1292 3679 ι

317 3726 333 3774 5
352 3705 469 3770 amissa
485 3706 599 3771 forent.
626 3709 735 3775 audita
749 3709 834 3775 enim
851 3709 1047 3794 profectione
1060 3709 1201 3775 consulis
1214 3733 1291 3796 regr

349 3797 462 3877 Dium,
480 3820 563 3884 quae
580 3802 712 3869 disiecta
729 3825 767 3868 ao
784 3815 910 3868 vastata
927 3804 969 3868 ab
978 3803 1133 3869 Romanis
1147 3816 1251 3882 erant,
1269 3828 1292 3869 rt

349 3896 464 3984 pinnas
480 3895 643 3963 moenium
665 3898 815 3965 decussas
832 3899 971 3985 reponit,
999 3899 1040 3963 ab
1058 3898 1145 3962 omni
1162 3912 1255 3984 parte
1274 3922 1292 3963 n

349 3992 465 4069 firmat,
484 3991 599 4058 deinde
617 3991 757 4079 quinque
773 3993 862 4058 milia
878 3998 1008 4079 passim
1026 3994 1067 4058 ab
1085 3994 1166 4057 urbe
1181 3994 1292 4059 citrar

349 4085 446 4174 Elpei
463 4086 565 4152 amnis
584 4100 687 4152 castra
709 4089 812 4173 ponit,
836 4110 961 4151 amnem
979 4089 1086 4173 ipsum
1106 4088 1243 4152 transitu
1260 4110 1292 4173 pt

317 4197 333 4247 6
350 4179 466 4246 lioilem
483 4203 542 4267 pro
559 4181 756 4247 munimento
773 4182 951 4247 habiturus.
995 4181 1067 4247 fluit
1083 4203 1124 4246 ex
1141 4182 1225 4246 valle
1245 4180 1292 4265 Ol¹

351 4276 482 4352 montis,
509 4284 629 4341 aestate
647 4276 798 4364 exiguus,
824 4275 965 4341 hibernis
983 4275 1067 4341 idem
1090 4274 1241 4340 incitatus
1262 4277 1292 4361 pl
