<?xml version="1.0" encoding="UTF-8"?>
<!DOCTYPE html PUBLIC "-//W3C//DTD XHTML 1.0 Transitional//EN"
    "http://www.w3.org/TR/xhtml1/DTD/xhtml1-transitional.dtd">
<html xmlns="http://www.w3.org/1999/xhtml" xml:lang="en" lang="en">
 <head>
  <title>
</title>
<meta http-equiv="Content-Type" content="text/html;charset=utf-8" />
  <meta name='ocr-system' content='tesseract 3.04.00' />
  <meta name='ocr-capabilities' content='ocr_page ocr_carea ocr_par ocr_line ocrx_word'/>
</head>
<body>
  <div class='ocr_page' id='page_1' title='image "./titiliviaburbec02weisgoog_0268.png"; bbox 0 0 3359 5092; ppageno 0'>
   <div class='ocr_carea' id='block_1_1' title="bbox 346 548 1167 630">
    <p class='ocr_par' dir='ltr' id='par_1_1' title="bbox 346 548 1167 630">
     <span class='ocr_line' id='line_1_1' title="bbox 346 548 1167 630; baseline 0.001 -15"><span class='ocrx_word' id='word_1_1' title='bbox 346 548 411 615; x_wconf 85' lang='lat'><strong>194</strong></span> <span class='ocrx_word' id='word_1_2' title='bbox 551 560 670 616; x_wconf 81' lang='grc'>111111</span> <span class='ocrx_word' id='word_1_3' title='bbox 686 559 844 629; x_wconf 80' lang='lat' dir='ltr'><strong>xxxxv,</strong></span> <span class='ocrx_word' id='word_1_4' title='bbox 862 559 906 613; x_wconf 84' lang='lat'><strong>43.</strong></span> <span class='ocrx_word' id='word_1_5' title='bbox 919 559 962 613; x_wconf 76' lang='grc'><strong>14.</strong></span> <span class='ocrx_word' id='word_1_6' title='bbox 983 562 1022 627; x_wconf 73' lang='lat' dir='ltr'><strong>[a</strong></span> <span class='ocrx_word' id='word_1_7' title='bbox 1031 577 1058 614; x_wconf 82' lang='lat' dir='ltr'><strong>u.</strong></span> <span class='ocrx_word' id='word_1_8' title='bbox 1068 576 1092 616; x_wconf 71' lang='lat' dir='ltr'><strong>s.</strong></span> <span class='ocrx_word' id='word_1_9' title='bbox 1102 559 1167 630; x_wconf 76' lang='grc'>501]</span> 
     </span>
    </p>
   </div>
   <div class='ocr_carea' id='block_1_2' title="bbox 296 716 1320 4375">
    <p class='ocr_par' dir='ltr' id='par_1_2' title="bbox 310 716 1320 1089">
     <span class='ocr_line' id='line_1_2' title="bbox 310 716 1320 805; baseline -0.01 -15"><span class='ocrx_word' id='word_1_10' title='bbox 310 718 570 805; x_wconf 68' lang='lat' dir='ltr'><strong>sperdomuerat</strong></span> <span class='ocrx_word' id='word_1_11' title='bbox 594 717 679 783; x_wconf 87' lang='lat' dir='ltr'><strong>intra</strong></span> <span class='ocrx_word' id='word_1_12' title='bbox 703 738 824 803; x_wconf 87' lang='lat' dir='ltr'><strong>paucos</strong></span> <span class='ocrx_word' id='word_1_13' title='bbox 848 716 915 783; x_wconf 91' lang='lat' dir='ltr'><strong>dies</strong></span> <span class='ocrx_word' id='word_1_14' title='bbox 943 728 1027 784; x_wconf 89' lang='lat' dir='ltr'><strong>terra</strong></span> <span class='ocrx_word' id='word_1_15' title='bbox 1052 718 1198 803; x_wconf 89' lang='lat' dir='ltr'><strong>marique</strong></span> <span class='ocrx_word' id='word_1_16' title='bbox 1225 718 1320 786; x_wconf 70' lang='lat' dir='ltr'><strong>feroc«</strong></span> 
     </span>
     <span class='ocr_line' id='line_1_3' title="bbox 343 811 1320 902; baseline 0.001 -23"><span class='ocrx_word' id='word_1_17' title='bbox 343 814 422 879; x_wconf 87' lang='lat' dir='ltr'><strong>locis</strong></span> <span class='ocrx_word' id='word_1_18' title='bbox 447 811 717 896; x_wconf 83' lang='lat' dir='ltr'><strong>munimentisque</strong></span> <span class='ocrx_word' id='word_1_19' title='bbox 742 811 860 877; x_wconf 82' lang='lat' dir='ltr'><strong>fretam</strong></span> <span class='ocrx_word' id='word_1_20' title='bbox 888 823 1018 898; x_wconf 80' lang='lat' dir='ltr'>gentem</span> <span class='ocrx_word' id='word_1_21' title='bbox 1039 812 1240 898; x_wconf 88' lang='lat' dir='ltr'><strong>Illyriorum;</strong></span> <span class='ocrx_word' id='word_1_22' title='bbox 1268 838 1320 902; x_wconf 85' lang='lat' dir='ltr'><strong>reg</strong></span> 
     </span>
     <span class='ocr_line' id='line_1_4' title="bbox 343 906 1320 996; baseline 0 -22"><span class='ocrx_word' id='word_1_23' title='bbox 343 909 516 995; x_wconf 77' lang='lat' dir='ltr'>regiaeque</span> <span class='ocrx_word' id='word_1_24' title='bbox 539 907 641 972; x_wconf 91' lang='lat' dir='ltr'><strong>omnis</strong></span> <span class='ocrx_word' id='word_1_25' title='bbox 664 906 771 992; x_wconf 79' lang='lat' dir='ltr'>stirpis</span> <span class='ocrx_word' id='word_1_26' title='bbox 792 918 931 993; x_wconf 76' lang='lat' dir='ltr'>ceperat.</span> <span class='ocrx_word' id='word_1_27' title='bbox 981 908 1141 973; x_wconf 77' lang='lat' dir='ltr'><strong>transtulit</strong></span> <span class='ocrx_word' id='word_1_28' title='bbox 1163 909 1197 973; x_wconf 91' lang='lat' dir='ltr'><strong>in</strong></span> <span class='ocrx_word' id='word_1_29' title='bbox 1214 910 1320 996; x_wconf 79' lang='lat' dir='ltr'><strong>trium]</strong></span> 
     </span>
     <span class='ocr_line' id='line_1_5' title="bbox 345 1001 1305 1089; baseline 0.001 -21"><span class='ocrx_word' id='word_1_30' title='bbox 345 1005 446 1069; x_wconf 85' lang='lat' dir='ltr'><strong>multa</strong></span> <span class='ocrx_word' id='word_1_31' title='bbox 468 1002 617 1072; x_wconf 89' lang='lat' dir='ltr'><strong>militaria</strong></span> <span class='ocrx_word' id='word_1_32' title='bbox 640 1002 733 1087; x_wconf 85' lang='lat' dir='ltr'><strong>signa</strong></span> <span class='ocrx_word' id='word_1_33' title='bbox 750 1001 915 1088; x_wconf 89' lang='lat' dir='ltr'><strong>spoliaque</strong></span> <span class='ocrx_word' id='word_1_34' title='bbox 938 1002 1001 1067; x_wconf 85' lang='lat' dir='ltr'><strong>alia</strong></span> <span class='ocrx_word' id='word_1_35' title='bbox 1018 1014 1051 1068; x_wconf 89' lang='lat' dir='ltr'><strong>et</strong></span> <span class='ocrx_word' id='word_1_36' title='bbox 1072 1004 1305 1089; x_wconf 86' lang='lat' dir='ltr'><strong>supellectilem</strong></span> 
     </span>
    </p>

    <p class='ocr_par' dir='ltr' id='par_1_3' title="bbox 311 1096 1320 1278">
     <span class='ocr_line' id='line_1_6' title="bbox 311 1096 1320 1184; baseline -0.002 -20"><span class='ocrx_word' id='word_1_37' title='bbox 311 1098 447 1184; x_wconf 79' lang='lat' dir='ltr'><strong>ogiam,</strong></span> <span class='ocrx_word' id='word_1_38' title='bbox 474 1098 545 1163; x_wconf 86' lang='lat' dir='ltr'><strong>auri</strong></span> <span class='ocrx_word' id='word_1_39' title='bbox 569 1096 677 1183; x_wconf 92' lang='lat' dir='ltr'><strong>pondo</strong></span> <span class='ocrx_word' id='word_1_40' title='bbox 698 1096 814 1182; x_wconf 85' lang='lat' dir='ltr'><strong>viginti</strong></span> <span class='ocrx_word' id='word_1_41' title='bbox 836 1113 869 1161; x_wconf 92' lang='lat' dir='ltr'><strong>et</strong></span> <span class='ocrx_word' id='word_1_42' title='bbox 892 1107 1031 1182; x_wconf 91' lang='lat' dir='ltr'><strong>septem,</strong></span> <span class='ocrx_word' id='word_1_43' title='bbox 1059 1098 1185 1184; x_wconf 87' lang='lat' dir='ltr'><strong>argenti</strong></span> <span class='ocrx_word' id='word_1_44' title='bbox 1208 1099 1320 1164; x_wconf 82' lang='lat' dir='ltr'><strong>decem</strong></span> 
     </span>
     <span class='ocr_line' id='line_1_7' title="bbox 344 1190 1312 1278; baseline 0 -21"><span class='ocrx_word' id='word_1_45' title='bbox 344 1215 460 1259; x_wconf 89' lang='lat' dir='ltr'><strong>novem</strong></span> <span class='ocrx_word' id='word_1_46' title='bbox 477 1192 600 1278; x_wconf 90' lang='lat' dir='ltr'><strong>pondo,</strong></span> <span class='ocrx_word' id='word_1_47' title='bbox 619 1190 784 1256; x_wconf 74' lang='lat' dir='ltr'><strong>denarium</strong></span> <span class='ocrx_word' id='word_1_48' title='bbox 803 1191 914 1258; x_wconf 90' lang='lat' dir='ltr'><strong>decem</strong></span> <span class='ocrx_word' id='word_1_49' title='bbox 932 1190 993 1256; x_wconf 93' lang='lat' dir='ltr'><strong>tria</strong></span> <span class='ocrx_word' id='word_1_50' title='bbox 1010 1190 1113 1268; x_wconf 88' lang='lat' dir='ltr'><strong>milia,</strong></span> <span class='ocrx_word' id='word_1_51' title='bbox 1132 1203 1164 1257; x_wconf 91' lang='lat' dir='ltr'><strong>et</strong></span> <span class='ocrx_word' id='word_1_52' title='bbox 1182 1204 1312 1257; x_wconf 83' lang='lat' dir='ltr'><strong>eentum</strong></span> 
     </span>
    </p>

    <p class='ocr_par' dir='ltr' id='par_1_4' title="bbox 312 1285 1320 1750">
     <span class='ocr_line' id='line_1_8' title="bbox 312 1285 1320 1374; baseline -0.002 -21"><span class='ocrx_word' id='word_1_53' title='bbox 312 1288 427 1374; x_wconf 80' lang='lat' dir='ltr'><strong>oginti</strong></span> <span class='ocrx_word' id='word_1_54' title='bbox 448 1287 539 1351; x_wconf 88' lang='lat' dir='ltr'><strong>milia</strong></span> <span class='ocrx_word' id='word_1_55' title='bbox 554 1285 676 1372; x_wconf 86' lang='lat' dir='ltr'><strong>Illyrici</strong></span> <span class='ocrx_word' id='word_1_56' title='bbox 698 1286 833 1372; x_wconf 91' lang='lat' dir='ltr'><strong>argenti.</strong></span> <span class='ocrx_word' id='word_1_57' title='bbox 879 1296 954 1351; x_wconf 91' lang='lat' dir='ltr'><strong>ante</strong></span> <span class='ocrx_word' id='word_1_58' title='bbox 978 1307 1106 1351; x_wconf 89' lang='lat' dir='ltr'><strong>currum</strong></span> <span class='ocrx_word' id='word_1_59' title='bbox 1130 1286 1218 1352; x_wconf 86' lang='lat' dir='ltr'><strong>ducti</strong></span> <span class='ocrx_word' id='word_1_60' title='bbox 1238 1286 1320 1353; x_wconf 86' lang='lat' dir='ltr'><strong>Gent</strong></span> 
     </span>
     <span class='ocr_line' id='line_1_9' title="bbox 345 1378 1320 1468; baseline -0.002 -21"><span class='ocrx_word' id='word_1_61' title='bbox 345 1406 402 1449; x_wconf 87' lang='lat' dir='ltr'><strong>rex</strong></span> <span class='ocrx_word' id='word_1_62' title='bbox 421 1405 495 1448; x_wconf 93' lang='lat' dir='ltr'><strong>cum</strong></span> <span class='ocrx_word' id='word_1_63' title='bbox 513 1381 650 1467; x_wconf 88' lang='lat' dir='ltr'><strong>coniuge</strong></span> <span class='ocrx_word' id='word_1_64' title='bbox 668 1391 699 1446; x_wconf 91' lang='grc'><strong>11</strong></span> <span class='ocrx_word' id='word_1_65' title='bbox 717 1380 825 1445; x_wconf 90' lang='lat' dir='ltr'><strong>liberis</strong></span> <span class='ocrx_word' id='word_1_66' title='bbox 843 1391 876 1446; x_wconf 90' lang='lat' dir='ltr'><strong>et</strong></span> <span class='ocrx_word' id='word_1_67' title='bbox 893 1378 1106 1445; x_wconf 86' lang='lat' dir='ltr'><strong>Caravantius</strong></span> <span class='ocrx_word' id='word_1_68' title='bbox 1124 1380 1224 1446; x_wconf 85' lang='lat' dir='ltr'><strong>frater</strong></span> <span class='ocrx_word' id='word_1_69' title='bbox 1242 1382 1320 1468; x_wconf 75' lang='lat' dir='ltr'><strong>regis</strong></span> 
     </span>
     <span class='ocr_line' id='line_1_10' title="bbox 312 1474 1320 1563; baseline -0.002 -21"><span class='ocrx_word' id='word_1_70' title='bbox 312 1494 327 1542; x_wconf 83' lang='lat'>⁷</span> <span class='ocrx_word' id='word_1_71' title='bbox 346 1478 467 1561; x_wconf 90' lang='lat' dir='ltr'><strong>aliquot</strong></span> <span class='ocrx_word' id='word_1_72' title='bbox 491 1476 615 1541; x_wconf 90' lang='lat' dir='ltr'><strong>nobiles</strong></span> <span class='ocrx_word' id='word_1_73' title='bbox 637 1475 738 1560; x_wconf 85' lang='lat' dir='ltr'><strong>Illyri.</strong></span> <span class='ocrx_word' id='word_1_74' title='bbox 783 1475 824 1540; x_wconf 89' lang='lat' dir='ltr'><strong>de</strong></span> <span class='ocrx_word' id='word_1_75' title='bbox 850 1476 971 1563; x_wconf 89' lang='lat' dir='ltr'><strong>praeda</strong></span> <span class='ocrx_word' id='word_1_76' title='bbox 995 1474 1149 1540; x_wconf 84' lang='lat' dir='ltr'><strong>militibus</strong></span> <span class='ocrx_word' id='word_1_77' title='bbox 1172 1476 1206 1540; x_wconf 92' lang='lat' dir='ltr'><strong>in</strong></span> <span class='ocrx_word' id='word_1_78' title='bbox 1234 1476 1320 1561; x_wconf 76' lang='lat' dir='ltr'><strong>singu</strong></span> 
     </span>
     <span class='ocr_line' id='line_1_11' title="bbox 344 1569 1320 1657; baseline -0.002 -21"><span class='ocrx_word' id='word_1_79' title='bbox 344 1571 568 1657; x_wconf 89' lang='lat' dir='ltr'><strong>quadragenos</strong></span> <span class='ocrx_word' id='word_1_80' title='bbox 586 1570 700 1653; x_wconf 88' lang='lat' dir='ltr'><strong>quinos</strong></span> <span class='ocrx_word' id='word_1_81' title='bbox 718 1569 882 1647; x_wconf 87' lang='lat' dir='ltr'><strong>denarios,</strong></span> <span class='ocrx_word' id='word_1_82' title='bbox 905 1569 1025 1656; x_wconf 84' lang='lat' dir='ltr'>duplex</span> <span class='ocrx_word' id='word_1_83' title='bbox 1043 1570 1238 1647; x_wconf 85' lang='lat' dir='ltr'><strong>centurioni,</strong></span> <span class='ocrx_word' id='word_1_84' title='bbox 1261 1570 1320 1656; x_wconf 87' lang='lat' dir='ltr'><strong>trip</strong></span> 
     </span>
     <span class='ocr_line' id='line_1_12' title="bbox 346 1663 1318 1750; baseline 0 -20"><span class='ocrx_word' id='word_1_85' title='bbox 346 1665 460 1750; x_wconf 89' lang='lat' dir='ltr'><strong>equiti,</strong></span> <span class='ocrx_word' id='word_1_86' title='bbox 487 1665 580 1730; x_wconf 89' lang='lat' dir='ltr'><strong>sociis</strong></span> <span class='ocrx_word' id='word_1_87' title='bbox 606 1664 744 1730; x_wconf 92' lang='lat' dir='ltr'><strong>nominis</strong></span> <span class='ocrx_word' id='word_1_88' title='bbox 766 1663 877 1729; x_wconf 90' lang='lat' dir='ltr'><strong>Latini</strong></span> <span class='ocrx_word' id='word_1_89' title='bbox 899 1675 1056 1749; x_wconf 89' lang='lat' dir='ltr'><strong>quantum</strong></span> <span class='ocrx_word' id='word_1_90' title='bbox 1079 1664 1202 1729; x_wconf 88' lang='lat' dir='ltr'><strong>civibus</strong></span> <span class='ocrx_word' id='word_1_91' title='bbox 1228 1676 1261 1730; x_wconf 92' lang='lat' dir='ltr'><strong>et</strong></span> <span class='ocrx_word' id='word_1_92' title='bbox 1283 1688 1318 1730; x_wconf 89' lang='lat' dir='ltr'><strong>so</strong></span> 
     </span>
    </p>

    <p class='ocr_par' dir='ltr' id='par_1_5' title="bbox 312 1758 1320 2223">
     <span class='ocr_line' id='line_1_13' title="bbox 312 1758 1320 1843; baseline -0.001 -19"><span class='ocrx_word' id='word_1_93' title='bbox 312 1776 328 1824; x_wconf 86' lang='lat'>8</span> <span class='ocrx_word' id='word_1_94' title='bbox 346 1760 513 1826; x_wconf 89' lang='lat' dir='ltr'><strong>navalibus</strong></span> <span class='ocrx_word' id='word_1_95' title='bbox 531 1759 619 1827; x_wconf 88' lang='lat' dir='ltr'><strong>dedit</strong></span> <span class='ocrx_word' id='word_1_96' title='bbox 640 1770 797 1843; x_wconf 88' lang='lat' dir='ltr'><strong>quantum</strong></span> <span class='ocrx_word' id='word_1_97' title='bbox 813 1758 979 1825; x_wconf 87' lang='lat' dir='ltr'><strong>militibus.</strong></span> <span class='ocrx_word' id='word_1_98' title='bbox 1024 1759 1136 1824; x_wconf 89' lang='lat' dir='ltr'><strong>laetior</strong></span> <span class='ocrx_word' id='word_1_99' title='bbox 1160 1759 1248 1824; x_wconf 91' lang='lat' dir='ltr'><strong>hunc</strong></span> <span class='ocrx_word' id='word_1_100' title='bbox 1266 1760 1320 1823; x_wconf 82' lang='grc'>1111·</span> 
     </span>
     <span class='ocr_line' id='line_1_14' title="bbox 345 1853 1320 1940; baseline -0.001 -22"><span class='ocrx_word' id='word_1_101' title='bbox 345 1854 446 1940; x_wconf 93' lang='lat' dir='ltr'><strong>phum</strong></span> <span class='ocrx_word' id='word_1_102' title='bbox 463 1865 513 1919; x_wconf 92' lang='lat' dir='ltr'><strong>est</strong></span> <span class='ocrx_word' id='word_1_103' title='bbox 528 1864 657 1919; x_wconf 89' lang='lat' dir='ltr'><strong>secutus</strong></span> <span class='ocrx_word' id='word_1_104' title='bbox 679 1853 786 1930; x_wconf 89' lang='lat' dir='ltr'><strong>miles,</strong></span> <span class='ocrx_word' id='word_1_105' title='bbox 808 1853 981 1937; x_wconf 90' lang='lat' dir='ltr'><strong>multisque</strong></span> <span class='ocrx_word' id='word_1_106' title='bbox 1000 1854 1066 1918; x_wconf 88' lang='lat' dir='ltr'><strong>dux</strong></span> <span class='ocrx_word' id='word_1_107' title='bbox 1089 1853 1159 1940; x_wconf 91' lang='lat' dir='ltr'><strong>ipse</strong></span> <span class='ocrx_word' id='word_1_108' title='bbox 1181 1854 1320 1919; x_wconf 88' lang='lat' dir='ltr'><strong>carminil</strong></span> 
     </span>
     <span class='ocr_line' id='line_1_15' title="bbox 346 1945 1320 2032; baseline 0 -19"><span class='ocrx_word' id='word_1_109' title='bbox 346 1948 535 2013; x_wconf 90' lang='lat' dir='ltr'><strong>celebratus.</strong></span> <span class='ocrx_word' id='word_1_110' title='bbox 562 1947 742 2013; x_wconf 70' lang='lat' dir='ltr'><strong>sestertium</strong></span> <span class='ocrx_word' id='word_1_111' title='bbox 760 1945 946 2013; x_wconf 84' lang='lat' dir='ltr'><strong>ducentiens</strong></span> <span class='ocrx_word' id='word_1_112' title='bbox 961 1970 1001 2013; x_wconf 89' lang='lat' dir='ltr'><strong>cx</strong></span> <span class='ocrx_word' id='word_1_113' title='bbox 1019 1970 1059 2013; x_wconf 91' lang='lat' dir='ltr'><strong>ea</strong></span> <span class='ocrx_word' id='word_1_114' title='bbox 1075 1946 1196 2032; x_wconf 87' lang='lat' dir='ltr'><strong>praeda</strong></span> <span class='ocrx_word' id='word_1_115' title='bbox 1210 1949 1320 2014; x_wconf 89' lang='lat' dir='ltr'><strong>redact</strong></span> 
     </span>
     <span class='ocr_line' id='line_1_16' title="bbox 346 2042 1320 2128; baseline 0.002 -22"><span class='ocrx_word' id='word_1_116' title='bbox 346 2064 415 2107; x_wconf 88' lang='lat' dir='ltr'><strong>esse</strong></span> <span class='ocrx_word' id='word_1_117' title='bbox 429 2052 540 2107; x_wconf 82' lang='lat' dir='ltr'><strong>auctor</strong></span> <span class='ocrx_word' id='word_1_118' title='bbox 553 2052 603 2108; x_wconf 89' lang='lat' dir='ltr'><strong>est</strong></span> <span class='ocrx_word' id='word_1_119' title='bbox 610 2042 738 2119; x_wconf 88' lang='lat' dir='ltr'><strong>Antias,</strong></span> <span class='ocrx_word' id='word_1_120' title='bbox 757 2052 883 2127; x_wconf 85' lang='lat' dir='ltr'><strong>praeter</strong></span> <span class='ocrx_word' id='word_1_121' title='bbox 897 2065 1012 2107; x_wconf 92' lang='lat' dir='ltr'><strong>aurum</strong></span> <span class='ocrx_word' id='word_1_122' title='bbox 1025 2053 1272 2128; x_wconf 83' lang='lat' dir='ltr'><strong>argentumque,</strong></span> <span class='ocrx_word' id='word_1_123' title='bbox 1289 2064 1320 2127; x_wconf 77' lang='lat' dir='ltr'><strong>qt</strong></span> 
     </span>
     <span class='ocr_line' id='line_1_17' title="bbox 345 2135 1320 2223; baseline 0.002 -23"><span class='ocrx_word' id='word_1_124' title='bbox 345 2137 380 2200; x_wconf 92' lang='lat' dir='ltr'><strong>in</strong></span> <span class='ocrx_word' id='word_1_125' title='bbox 402 2136 559 2201; x_wconf 88' lang='lat' dir='ltr'><strong>aerarium</strong></span> <span class='ocrx_word' id='word_1_126' title='bbox 582 2136 623 2201; x_wconf 90' lang='lat' dir='ltr'><strong>sit</strong></span> <span class='ocrx_word' id='word_1_127' title='bbox 644 2136 761 2214; x_wconf 85' lang='lat' dir='ltr'><strong>latum3</strong></span> <span class='ocrx_word' id='word_1_128' title='bbox 787 2135 875 2219; x_wconf 89' lang='lat' dir='ltr'><strong>quod</strong></span> <span class='ocrx_word' id='word_1_129' title='bbox 901 2136 978 2220; x_wconf 92' lang='lat' dir='ltr'><strong>quia</strong></span> <span class='ocrx_word' id='word_1_130' title='bbox 999 2135 1086 2201; x_wconf 87' lang='lat' dir='ltr'><strong>unde</strong></span> <span class='ocrx_word' id='word_1_131' title='bbox 1108 2137 1213 2222; x_wconf 87' lang='lat' dir='ltr'><strong>redigi</strong></span> <span class='ocrx_word' id='word_1_132' title='bbox 1239 2150 1320 2223; x_wconf 85' lang='lat' dir='ltr'><strong>potu</strong></span> 
     </span>
    </p>

    <p class='ocr_par' dir='ltr' id='par_1_6' title="bbox 312 2228 1320 2600">
     <span class='ocr_line' id='line_1_18' title="bbox 312 2228 1319 2316; baseline 0.001 -21"><span class='ocrx_word' id='word_1_133' title='bbox 312 2247 411 2295; x_wconf 85' lang='grc'>911011</span> <span class='ocrx_word' id='word_1_134' title='bbox 429 2230 614 2315; x_wconf 81' lang='lat' dir='ltr'><strong>apparebat,</strong></span> <span class='ocrx_word' id='word_1_135' title='bbox 633 2241 796 2296; x_wconf 83' lang='lat' dir='ltr'><strong>auctorem</strong></span> <span class='ocrx_word' id='word_1_136' title='bbox 813 2251 872 2315; x_wconf 91' lang='lat' dir='ltr'><strong>pro</strong></span> <span class='ocrx_word' id='word_1_137' title='bbox 890 2252 925 2295; x_wconf 92' lang='lat' dir='ltr'><strong>re</strong></span> <span class='ocrx_word' id='word_1_138' title='bbox 944 2230 1047 2316; x_wconf 89' lang='lat' dir='ltr'><strong>posui.</strong></span> <span class='ocrx_word' id='word_1_139' title='bbox 1075 2252 1133 2295; x_wconf 89' lang='lat' dir='ltr'><strong>rex</strong></span> <span class='ocrx_word' id='word_1_140' title='bbox 1144 2228 1284 2297; x_wconf 87' lang='lat' dir='ltr'><strong>Gentius</strong></span> <span class='ocrx_word' id='word_1_141' title='bbox 1303 2254 1319 2296; x_wconf 92' lang='grc'>0</span> 
     </span>
     <span class='ocr_line' id='line_1_19' title="bbox 345 2322 1308 2410; baseline 0.002 -21"><span class='ocrx_word' id='word_1_142' title='bbox 345 2324 453 2390; x_wconf 86' lang='lat' dir='ltr'><strong>liberis</strong></span> <span class='ocrx_word' id='word_1_143' title='bbox 476 2335 509 2390; x_wconf 91' lang='lat' dir='ltr'><strong>et</strong></span> <span class='ocrx_word' id='word_1_144' title='bbox 534 2324 670 2410; x_wconf 90' lang='lat' dir='ltr'><strong>coniuge</strong></span> <span class='ocrx_word' id='word_1_145' title='bbox 693 2334 726 2389; x_wconf 90' lang='lat' dir='ltr'><strong>et</strong></span> <span class='ocrx_word' id='word_1_146' title='bbox 751 2323 850 2389; x_wconf 88' lang='lat' dir='ltr'><strong>fratre</strong></span> <span class='ocrx_word' id='word_1_147' title='bbox 874 2322 1052 2409; x_wconf 87' lang='lat' dir='ltr'><strong>Spoletium</strong></span> <span class='ocrx_word' id='word_1_148' title='bbox 1073 2324 1107 2387; x_wconf 93' lang='lat' dir='ltr'><strong>in</strong></span> <span class='ocrx_word' id='word_1_149' title='bbox 1130 2326 1308 2391; x_wconf 89' lang='lat' dir='ltr'><strong>custodiam</strong></span> 
     </span>
     <span class='ocr_line' id='line_1_20' title="bbox 346 2417 1320 2504; baseline 0 -21"><span class='ocrx_word' id='word_1_150' title='bbox 346 2429 475 2485; x_wconf 91' lang='lat' dir='ltr'><strong>senatus</strong></span> <span class='ocrx_word' id='word_1_151' title='bbox 489 2419 634 2484; x_wconf 88' lang='lat' dir='ltr'><strong>consulto</strong></span> <span class='ocrx_word' id='word_1_152' title='bbox 649 2417 774 2494; x_wconf 83' lang='lat' dir='ltr'><strong>ductus,</strong></span> <span class='ocrx_word' id='word_1_153' title='bbox 793 2419 890 2483; x_wconf 91' lang='lat' dir='ltr'><strong>ceteri</strong></span> <span class='ocrx_word' id='word_1_154' title='bbox 904 2418 1022 2504; x_wconf 87' lang='lat' dir='ltr'><strong>captivi</strong></span> <span class='ocrx_word' id='word_1_155' title='bbox 1031 2418 1154 2483; x_wconf 88' lang='lat' dir='ltr'><strong>Romae</strong></span> <span class='ocrx_word' id='word_1_156' title='bbox 1168 2420 1201 2483; x_wconf 91' lang='lat' dir='ltr'><strong>in</strong></span> <span class='ocrx_word' id='word_1_157' title='bbox 1217 2442 1320 2485; x_wconf 89' lang='lat' dir='ltr'><strong>carcer</strong></span> 
     </span>
     <span class='ocr_line' id='line_1_21' title="bbox 346 2510 1318 2600; baseline 0 -22"><span class='ocrx_word' id='word_1_158' title='bbox 346 2513 494 2590; x_wconf 91' lang='lat' dir='ltr'><strong>coniecti;</strong></span> <span class='ocrx_word' id='word_1_159' title='bbox 516 2512 801 2597; x_wconf 80' lang='lat' dir='ltr'><strong>recusantibusque</strong></span> <span class='ocrx_word' id='word_1_160' title='bbox 824 2513 1002 2578; x_wconf 84' lang='lat' dir='ltr'><strong>custodiam</strong></span> <span class='ocrx_word' id='word_1_161' title='bbox 1027 2510 1200 2597; x_wconf 87' lang='lat' dir='ltr'><strong>Spoletinis</strong></span> <span class='ocrx_word' id='word_1_162' title='bbox 1224 2515 1318 2600; x_wconf 86' lang='lat' dir='ltr'><strong>Iguvi</strong></span> 
     </span>
    </p>

    <p class='ocr_par' dir='ltr' id='par_1_7' title="bbox 296 2606 1320 2952">
     <span class='ocr_line' id='line_1_22' title="bbox 296 2606 1320 2694; baseline 0.002 -24"><span class='ocrx_word' id='word_1_163' title='bbox 296 2623 328 2672; x_wconf 85' lang='lat'><strong>10</strong></span> <span class='ocrx_word' id='word_1_164' title='bbox 346 2629 439 2694; x_wconf 90' lang='lat' dir='ltr'><strong>reges</strong></span> <span class='ocrx_word' id='word_1_165' title='bbox 457 2607 603 2671; x_wconf 87' lang='lat' dir='ltr'><strong>traducti.</strong></span> <span class='ocrx_word' id='word_1_166' title='bbox 630 2606 763 2673; x_wconf 92' lang='lat' dir='ltr'><strong>relicum</strong></span> <span class='ocrx_word' id='word_1_167' title='bbox 781 2629 821 2671; x_wconf 88' lang='lat' dir='ltr'>ex</span> <span class='ocrx_word' id='word_1_168' title='bbox 830 2606 960 2691; x_wconf 87' lang='lat' dir='ltr'><strong>Illyrica</strong></span> <span class='ocrx_word' id='word_1_169' title='bbox 977 2606 1097 2690; x_wconf 87' lang='lat' dir='ltr'><strong>praeda</strong></span> <span class='ocrx_word' id='word_1_170' title='bbox 1115 2607 1247 2673; x_wconf 82' lang='lat' dir='ltr'><strong>ducenti</strong></span> <span class='ocrx_word' id='word_1_171' title='bbox 1264 2609 1320 2694; x_wconf 79' lang='lat' dir='ltr'><strong>vigi</strong></span> 
     </span>
     <span class='ocr_line' id='line_1_23' title="bbox 345 2698 1315 2788; baseline 0.004 -24"><span class='ocrx_word' id='word_1_172' title='bbox 345 2700 444 2766; x_wconf 93' lang='lat' dir='ltr'><strong>lembi</strong></span> <span class='ocrx_word' id='word_1_173' title='bbox 471 2711 575 2778; x_wconf 87' lang='lat' dir='ltr'><strong>erant,</strong></span> <span class='ocrx_word' id='word_1_174' title='bbox 603 2700 643 2766; x_wconf 91' lang='lat' dir='ltr'><strong>de</strong></span> <span class='ocrx_word' id='word_1_175' title='bbox 666 2699 785 2767; x_wconf 87' lang='lat' dir='ltr'><strong>Gentio</strong></span> <span class='ocrx_word' id='word_1_176' title='bbox 811 2722 889 2786; x_wconf 88' lang='lat' dir='ltr'><strong>rege</strong></span> <span class='ocrx_word' id='word_1_177' title='bbox 916 2701 1017 2785; x_wconf 85' lang='lat' dir='ltr'><strong>eapti3</strong></span> <span class='ocrx_word' id='word_1_178' title='bbox 1044 2722 1099 2765; x_wconf 89' lang='lat' dir='ltr'><strong>eos</strong></span> <span class='ocrx_word' id='word_1_179' title='bbox 1127 2698 1315 2788; x_wconf 80' lang='lat' dir='ltr'><strong>Corcyraeis</strong></span> 
     </span>
     <span class='ocr_line' id='line_1_24' title="bbox 346 2793 1320 2880; baseline 0.007 -23"><span class='ocrx_word' id='word_1_180' title='bbox 346 2794 606 2879; x_wconf 88' lang='lat' dir='ltr'><strong>Apolloniatibus</strong></span> <span class='ocrx_word' id='word_1_181' title='bbox 633 2805 666 2860; x_wconf 88' lang='lat' dir='ltr'><strong>et</strong></span> <span class='ocrx_word' id='word_1_182' title='bbox 691 2793 925 2880; x_wconf 83' lang='lat' dir='ltr'><strong>Dyrrhachinis</strong></span> <span class='ocrx_word' id='word_1_183' title='bbox 950 2795 992 2877; x_wconf 81' lang='lat' dir='ltr'><strong>Q.</strong></span> <span class='ocrx_word' id='word_1_184' title='bbox 1017 2793 1150 2861; x_wconf 83' lang='lat' dir='ltr'><strong>Cassius</strong></span> <span class='ocrx_word' id='word_1_185' title='bbox 1179 2821 1221 2863; x_wconf 87' lang='lat' dir='ltr'>ex</span> <span class='ocrx_word' id='word_1_186' title='bbox 1249 2822 1320 2864; x_wconf 89' lang='lat' dir='ltr'><strong>sena</strong></span> 
     </span>
     <span class='ocr_line' id='line_1_25' title="bbox 347 2888 629 2952; baseline 0.004 -1"><span class='ocrx_word' id='word_1_187' title='bbox 347 2888 492 2952; x_wconf 81' lang='lat' dir='ltr'><strong>oonsrrlto</strong></span> <span class='ocrx_word' id='word_1_188' title='bbox 510 2888 629 2952; x_wconf 80' lang='lat' dir='ltr'><strong>tribuit</strong></span> 
     </span>
    </p>

    <p class='ocr_par' dir='ltr' id='par_1_8' title="bbox 315 2978 1320 3354">
     <span class='ocr_line' id='line_1_26' title="bbox 315 2978 1320 3074; baseline 0.006 -29"><span class='ocrx_word' id='word_1_189' title='bbox 315 2998 328 3045; x_wconf 91' lang='lat'>1</span> <span class='ocrx_word' id='word_1_190' title='bbox 412 2980 642 3047; x_wconf 90' lang='lat' dir='ltr'><strong>XXXXIHI.</strong></span> <span class='ocrx_word' id='word_1_191' title='bbox 662 2978 820 3051; x_wconf 84' lang='lat' dir='ltr'><strong>Consules</strong></span> <span class='ocrx_word' id='word_1_192' title='bbox 836 3005 875 3050; x_wconf 91' lang='lat' dir='ltr'><strong>eo</strong></span> <span class='ocrx_word' id='word_1_193' title='bbox 889 3005 973 3048; x_wconf 88' lang='lat' dir='ltr'><strong>anno</strong></span> <span class='ocrx_word' id='word_1_194' title='bbox 987 3007 1065 3070; x_wconf 86' lang='lat' dir='ltr'><strong>agro</strong></span> <span class='ocrx_word' id='word_1_195' title='bbox 1081 2995 1207 3051; x_wconf 91' lang='lat' dir='ltr'><strong>tantum</strong></span> <span class='ocrx_word' id='word_1_196' title='bbox 1217 2986 1320 3074; x_wconf 87' lang='lat' dir='ltr'><strong>Ligur</strong></span> 
     </span>
     <span class='ocr_line' id='line_1_27' title="bbox 347 3076 1320 3163; baseline 0.006 -22"><span class='ocrx_word' id='word_1_197' title='bbox 347 3076 518 3163; x_wconf 86' lang='lat' dir='ltr'><strong>populato,</strong></span> <span class='ocrx_word' id='word_1_198' title='bbox 550 3099 625 3142; x_wconf 90' lang='lat' dir='ltr'><strong>cum</strong></span> <span class='ocrx_word' id='word_1_199' title='bbox 654 3076 762 3144; x_wconf 91' lang='lat' dir='ltr'><strong>hostes</strong></span> <span class='ocrx_word' id='word_1_200' title='bbox 790 3078 948 3144; x_wconf 87' lang='lat' dir='ltr'><strong>exercitus</strong></span> <span class='ocrx_word' id='word_1_201' title='bbox 975 3100 1153 3163; x_wconf 91' lang='lat' dir='ltr'><strong>numquam</strong></span> <span class='ocrx_word' id='word_1_202' title='bbox 1181 3082 1320 3147; x_wconf 67' lang='lat' dir='ltr'><strong>eduxisse</strong></span> 
     </span>
     <span class='ocr_line' id='line_1_28' title="bbox 346 3171 1320 3260; baseline 0.003 -24"><span class='ocrx_word' id='word_1_203' title='bbox 346 3172 434 3237; x_wconf 90' lang='lat' dir='ltr'><strong>nulla</strong></span> <span class='ocrx_word' id='word_1_204' title='bbox 450 3193 486 3237; x_wconf 93' lang='lat' dir='ltr'><strong>re</strong></span> <span class='ocrx_word' id='word_1_205' title='bbox 503 3171 701 3237; x_wconf 88' lang='lat' dir='ltr'><strong>memorabili</strong></span> <span class='ocrx_word' id='word_1_206' title='bbox 718 3182 810 3259; x_wconf 87' lang='lat' dir='ltr'><strong>gesta</strong></span> <span class='ocrx_word' id='word_1_207' title='bbox 827 3172 966 3238; x_wconf 86' lang='lat' dir='ltr'><strong>Romam</strong></span> <span class='ocrx_word' id='word_1_208' title='bbox 982 3172 1024 3238; x_wconf 90' lang='lat' dir='ltr'><strong>ad</strong></span> <span class='ocrx_word' id='word_1_209' title='bbox 1041 3173 1249 3260; x_wconf 88' lang='lat' dir='ltr'><strong>magistratus</strong></span> <span class='ocrx_word' id='word_1_210' title='bbox 1267 3175 1320 3241; x_wconf 89' lang='lat' dir='ltr'><strong>sub</strong></span> 
     </span>
     <span class='ocr_line' id='line_1_29' title="bbox 345 3266 1320 3354; baseline 0.003 -23"><span class='ocrx_word' id='word_1_211' title='bbox 345 3267 469 3353; x_wconf 86' lang='lat' dir='ltr'><strong>gandos</strong></span> <span class='ocrx_word' id='word_1_212' title='bbox 491 3266 670 3343; x_wconf 88' lang='lat' dir='ltr'><strong>redierunt,</strong></span> <span class='ocrx_word' id='word_1_213' title='bbox 694 3278 726 3332; x_wconf 89' lang='grc'><strong>11</strong></span> <span class='ocrx_word' id='word_1_214' title='bbox 746 3268 850 3354; x_wconf 93' lang='lat' dir='ltr'><strong>primo</strong></span> <span class='ocrx_word' id='word_1_215' title='bbox 873 3267 1024 3333; x_wconf 88' lang='lat' dir='ltr'><strong>comitiali</strong></span> <span class='ocrx_word' id='word_1_216' title='bbox 1047 3268 1099 3333; x_wconf 91' lang='lat' dir='ltr'><strong>die</strong></span> <span class='ocrx_word' id='word_1_217' title='bbox 1123 3272 1271 3337; x_wconf 83' lang='lat' dir='ltr'><strong>eonsules</strong></span> <span class='ocrx_word' id='word_1_218' title='bbox 1289 3293 1320 3336; x_wconf 91' lang='grc'><strong>01</strong></span> 
     </span>
    </p>

    <p class='ocr_par' dir='ltr' id='par_1_9' title="bbox 314 3358 1320 3897">
     <span class='ocr_line' id='line_1_30' title="bbox 314 3358 1303 3448; baseline 0.01 -24"><span class='ocrx_word' id='word_1_219' title='bbox 314 3375 329 3423; x_wconf 83' lang='lat'><strong>2</strong></span> <span class='ocrx_word' id='word_1_220' title='bbox 347 3372 422 3425; x_wconf 90' lang='lat' dir='ltr'><strong>runt</strong></span> <span class='ocrx_word' id='word_1_221' title='bbox 438 3362 487 3424; x_wconf 88' lang='lat' dir='ltr'><strong>M.</strong></span> <span class='ocrx_word' id='word_1_222' title='bbox 498 3358 672 3426; x_wconf 85' lang='lat' dir='ltr'><strong>Claudium</strong></span> <span class='ocrx_word' id='word_1_223' title='bbox 688 3360 891 3439; x_wconf 87' lang='lat' dir='ltr'><strong>Marcellum,</strong></span> <span class='ocrx_word' id='word_1_224' title='bbox 910 3360 949 3427; x_wconf 84' lang='grc' dir='ltr'><strong>Ο.</strong></span> <span class='ocrx_word' id='word_1_225' title='bbox 961 3360 1140 3448; x_wconf 90' lang='lat' dir='ltr'><strong>Sulpicium</strong></span> <span class='ocrx_word' id='word_1_226' title='bbox 1161 3362 1303 3442; x_wconf 85' lang='lat' dir='ltr'><strong>Gallum,</strong></span> 
     </span>
     <span class='ocr_line' id='line_1_31' title="bbox 346 3454 1320 3545; baseline 0.003 -26"><span class='ocrx_word' id='word_1_227' title='bbox 346 3454 421 3519; x_wconf 90' lang='lat' dir='ltr'><strong>inde</strong></span> <span class='ocrx_word' id='word_1_228' title='bbox 451 3467 614 3540; x_wconf 88' lang='lat' dir='ltr'><strong>praetores</strong></span> <span class='ocrx_word' id='word_1_229' title='bbox 646 3466 773 3540; x_wconf 89' lang='lat' dir='ltr'><strong>postero</strong></span> <span class='ocrx_word' id='word_1_230' title='bbox 805 3456 858 3522; x_wconf 92' lang='lat' dir='ltr'><strong>die</strong></span> <span class='ocrx_word' id='word_1_231' title='bbox 889 3455 930 3520; x_wconf 91' lang='lat' dir='ltr'><strong>L.</strong></span> <span class='ocrx_word' id='word_1_232' title='bbox 957 3457 1097 3535; x_wconf 93' lang='lat' dir='ltr'><strong>Iulium,</strong></span> <span class='ocrx_word' id='word_1_233' title='bbox 1130 3458 1172 3523; x_wconf 89' lang='lat' dir='ltr'><strong>L.</strong></span> <span class='ocrx_word' id='word_1_234' title='bbox 1199 3458 1320 3545; x_wconf 89' lang='lat' dir='ltr'><strong>Apulei</strong></span> 
     </span>
     <span class='ocr_line' id='line_1_32' title="bbox 348 3546 1320 3628; baseline 0.005 -14"><span class='ocrx_word' id='word_1_235' title='bbox 348 3546 569 3625; x_wconf 86' lang='lat' dir='ltr'><strong>Saturninum,</strong></span> <span class='ocrx_word' id='word_1_236' title='bbox 586 3547 630 3613; x_wconf 88' lang='lat' dir='ltr'><strong>A.</strong></span> <span class='ocrx_word' id='word_1_237' title='bbox 644 3548 807 3615; x_wconf 90' lang='lat' dir='ltr'><strong>Licinium</strong></span> <span class='ocrx_word' id='word_1_238' title='bbox 825 3551 977 3628; x_wconf 90' lang='lat' dir='ltr'><strong>Nervam,</strong></span> <span class='ocrx_word' id='word_1_239' title='bbox 995 3551 1035 3616; x_wconf 90' lang='lat' dir='ltr'><strong>P.</strong></span> <span class='ocrx_word' id='word_1_240' title='bbox 1051 3552 1209 3618; x_wconf 86' lang='lat' dir='ltr'><strong>Rutilium</strong></span> <span class='ocrx_word' id='word_1_241' title='bbox 1230 3552 1320 3619; x_wconf 84' lang='lat' dir='ltr'><strong>Calvt</strong></span> 
     </span>
     <span class='ocr_line' id='line_1_33' title="bbox 347 3639 1320 3733; baseline 0.002 -26"><span class='ocrx_word' id='word_1_242' title='bbox 347 3641 387 3707; x_wconf 91' lang='lat' dir='ltr'><strong>P.</strong></span> <span class='ocrx_word' id='word_1_243' title='bbox 407 3639 617 3723; x_wconf 85' lang='lat' dir='ltr'><strong>Quinctilium</strong></span> <span class='ocrx_word' id='word_1_244' title='bbox 637 3644 777 3721; x_wconf 89' lang='lat' dir='ltr'><strong>Varum,</strong></span> <span class='ocrx_word' id='word_1_245' title='bbox 805 3644 855 3709; x_wconf 91' lang='lat' dir='ltr'><strong>M.</strong></span> <span class='ocrx_word' id='word_1_246' title='bbox 873 3644 1054 3711; x_wconf 84' lang='lat' dir='ltr'><strong>Fonteium.</strong></span> <span class='ocrx_word' id='word_1_247' title='bbox 1098 3647 1149 3712; x_wconf 89' lang='lat' dir='ltr'><strong>his</strong></span> <span class='ocrx_word' id='word_1_248' title='bbox 1175 3646 1320 3733; x_wconf 76' lang='lat' dir='ltr'><strong>praetorii</strong></span> 
     </span>
     <span class='ocr_line' id='line_1_34' title="bbox 348 3735 1320 3830; baseline 0.008 -30"><span class='ocrx_word' id='word_1_249' title='bbox 348 3736 431 3801; x_wconf 85' lang='lat' dir='ltr'><strong>duae</strong></span> <span class='ocrx_word' id='word_1_250' title='bbox 448 3735 591 3802; x_wconf 86' lang='lat' dir='ltr'><strong>urbanae</strong></span> <span class='ocrx_word' id='word_1_251' title='bbox 613 3738 797 3822; x_wconf 80' lang='lat' dir='ltr'><strong>provinciae</strong></span> <span class='ocrx_word' id='word_1_252' title='bbox 815 3751 890 3805; x_wconf 94' lang='lat' dir='ltr'><strong>sunt</strong></span> <span class='ocrx_word' id='word_1_253' title='bbox 908 3741 1068 3819; x_wconf 87' lang='lat' dir='ltr'><strong>decretae,</strong></span> <span class='ocrx_word' id='word_1_254' title='bbox 1088 3742 1172 3808; x_wconf 91' lang='lat' dir='ltr'><strong>duae</strong></span> <span class='ocrx_word' id='word_1_255' title='bbox 1190 3741 1320 3830; x_wconf 87' lang='lat' dir='ltr'><strong>Hispani</strong></span> 
     </span>
     <span class='ocr_line' id='line_1_35' title="bbox 350 3828 692 3897; baseline 0 0"><span class='ocrx_word' id='word_1_256' title='bbox 350 3828 515 3897; x_wconf 85' lang='lat' dir='ltr'><strong>Siciliaac</strong></span> <span class='ocrx_word' id='word_1_257' title='bbox 533 3828 692 3897; x_wconf 88' lang='lat' dir='ltr'><strong>Sardinia.</strong></span> 
     </span>
    </p>

    <p class='ocr_par' dir='ltr' id='par_1_10' title="bbox 315 3925 1320 4375">
     <span class='ocr_line' id='line_1_36' title="bbox 315 3925 1320 4015; baseline 0.004 -26"><span class='ocrx_word' id='word_1_258' title='bbox 315 3948 330 3996; x_wconf 82' lang='lat' dir='ltr'><strong>a</strong></span> <span class='ocrx_word' id='word_1_259' title='bbox 412 3925 639 3991; x_wconf 88' lang='lat' dir='ltr'><strong>Intercalatum</strong></span> <span class='ocrx_word' id='word_1_260' title='bbox 666 3948 704 3991; x_wconf 90' lang='grc'><strong>10</strong></span> <span class='ocrx_word' id='word_1_261' title='bbox 730 3947 830 4006; x_wconf 81' lang='lat' dir='ltr'><strong>ann03</strong></span> <span class='ocrx_word' id='word_1_262' title='bbox 856 3929 1009 4015; x_wconf 88' lang='lat' dir='ltr'><strong>postridie</strong></span> <span class='ocrx_word' id='word_1_263' title='bbox 1030 3929 1226 3996; x_wconf 86' lang='lat' dir='ltr'><strong>Terminalia</strong></span> <span class='ocrx_word' id='word_1_264' title='bbox 1255 3929 1320 4015; x_wconf 85' lang='lat' dir='ltr'><strong>[kal</strong></span> 
     </span>
     <span class='ocr_line' id='line_1_37' title="bbox 349 4016 1303 4109; baseline 0.004 -26"><span class='ocrx_word' id='word_1_265' title='bbox 349 4016 425 4105; x_wconf 86' lang='lat' dir='ltr'><strong>dae]</strong></span> <span class='ocrx_word' id='word_1_266' title='bbox 446 4020 665 4086; x_wconf 84' lang='lat' dir='ltr'><strong>intercalariae</strong></span> <span class='ocrx_word' id='word_1_267' title='bbox 685 4021 824 4088; x_wconf 85' lang='lat' dir='ltr'><strong>fuerunt.</strong></span> <span class='ocrx_word' id='word_1_268' title='bbox 869 4045 974 4109; x_wconf 88' lang='lat' dir='ltr'><strong>augur</strong></span> <span class='ocrx_word' id='word_1_269' title='bbox 994 4044 1032 4088; x_wconf 87' lang='lat' dir='ltr'><strong>eo</strong></span> <span class='ocrx_word' id='word_1_270' title='bbox 1055 4045 1139 4089; x_wconf 90' lang='lat' dir='ltr'><strong>anno</strong></span> <span class='ocrx_word' id='word_1_271' title='bbox 1162 4036 1303 4089; x_wconf 90' lang='lat' dir='ltr'><strong>mortuus</strong></span> 
     </span>
     <span class='ocr_line' id='line_1_38' title="bbox 348 4110 1320 4205; baseline 0 -26"><span class='ocrx_word' id='word_1_272' title='bbox 348 4110 389 4180; x_wconf 85' lang='lat' dir='ltr'><strong>C.</strong></span> <span class='ocrx_word' id='word_1_273' title='bbox 399 4112 570 4194; x_wconf 64' lang='lat' dir='ltr'><strong>Claudium</strong></span> <span class='ocrx_word' id='word_1_274' title='bbox 587 4117 622 4181; x_wconf 94' lang='lat' dir='ltr'><strong>in</strong></span> <span class='ocrx_word' id='word_1_275' title='bbox 634 4116 703 4182; x_wconf 90' lang='lat' dir='ltr'><strong>eius</strong></span> <span class='ocrx_word' id='word_1_276' title='bbox 716 4117 823 4182; x_wconf 88' lang='lat' dir='ltr'><strong>locum</strong></span> <span class='ocrx_word' id='word_1_277' title='bbox 836 4139 974 4205; x_wconf 87' lang='lat' dir='ltr'><strong>augures</strong></span> <span class='ocrx_word' id='word_1_278' title='bbox 992 4119 1140 4205; x_wconf 90' lang='lat' dir='ltr'><strong>legerunt</strong></span> <span class='ocrx_word' id='word_1_279' title='bbox 1153 4120 1263 4185; x_wconf 86' lang='lat' dir='ltr'><strong>Titum</strong></span> <span class='ocrx_word' id='word_1_280' title='bbox 1273 4116 1320 4198; x_wconf 82' lang='lat' dir='ltr'><strong>Qu</strong></span> 
     </span>
     <span class='ocr_line' id='line_1_39' title="bbox 349 4208 1320 4368; baseline 0.006 -95"><span class='ocrx_word' id='word_1_281' title='bbox 349 4208 448 4368; x_wconf 55' lang='lat' dir='ltr'><strong>{tium</strong></span> <span class='ocrx_word' id='word_1_282' title='bbox 463 4209 690 4278; x_wconf 87' lang='lat' dir='ltr'><strong>Flamininum.</strong></span> <span class='ocrx_word' id='word_1_283' title='bbox 718 4223 750 4278; x_wconf 91' lang='lat' dir='ltr'><strong>et</strong></span> <span class='ocrx_word' id='word_1_284' title='bbox 767 4212 884 4279; x_wconf 87' lang='lat' dir='ltr'><strong>flamen</strong></span> <span class='ocrx_word' id='word_1_285' title='bbox 902 4212 1078 4296; x_wconf 82' lang='lat' dir='ltr'><strong>Quirinalis</strong></span> <span class='ocrx_word' id='word_1_286' title='bbox 1097 4225 1241 4281; x_wconf 89' lang='lat' dir='ltr'><strong>mortuus</strong></span> <span class='ocrx_word' id='word_1_287' title='bbox 1256 4210 1320 4295; x_wconf 59' lang='grc'>(1.1</span> 
     </span>
     <span class='ocr_line' id='line_1_40' title="bbox 372 4301 559 4375; baseline 0.032 -7"><span class='ocrx_word' id='word_1_288' title='bbox 372 4301 421 4370; x_wconf 88' lang='lat' dir='ltr'><strong>ius</strong></span> <span class='ocrx_word' id='word_1_289' title='bbox 439 4304 559 4375; x_wconf 88' lang='lat' dir='ltr'><strong>Pictor.</strong></span> 
     </span>
    </p>
   </div>
   <div class='ocr_carea' id='block_1_3' title="bbox 0 0 1685 5092">
    <p class='ocr_par' dir='ltr' id='par_1_11' title="bbox 0 0 1685 5092">
     <span class='ocr_line' id='line_1_41' title="bbox 0 0 1685 5092; baseline 0 0"><span class='ocrx_word' id='word_1_290' title='bbox 0 0 1685 5092; x_wconf 95' lang='lat' dir='ltr'><strong> </strong></span> 
     </span>
    </p>
   </div>
  </div>
 </body>
</html>
