3359 5092
384 526 427 593 62
590 539 709 596 ιιιιιιιι
725 539 887 609 xxxxu,
905 538 1006 594 ιιιι.
1025 539 1215 608 [raama]

386 722 457 766 esse
475 696 655 763 admonitus
668 720 690 762 a
703 696 795 762 vobis
809 697 948 784 conperi‚
966 696 1134 781 requisitos
1153 697 1241 764 abire
1259 720 1300 764 ex
1316 719 1403 785 regno

353 793 465 863 aiussi
491 802 524 858 et
544 792 579 857 in
603 802 794 878 perpetuum
820 791 970 857 interdixi
991 790 1109 857 finibus
1134 793 1225 859 meis.
1279 794 1403 860 ethaeo

386 888 516 973 quidem
536 886 616 952 mihi
637 897 801 971 tamquam
818 908 950 952 causam
968 886 1086 952 dicenti
1108 909 1163 953 reo
1186 888 1312 954 obiecta
1332 900 1402 964 sunt,

386 983 442 1048 illa
458 994 623 1066 tamquam
639 982 710 1067 regi
726 991 759 1047 et
775 1003 860 1067 quae
877 981 918 1046 de
935 981 1074 1059 foedere,
1093 983 1180 1067 quod
1197 982 1278 1047 mihi
1295 994 1343 1048 est
1358 1004 1403 1047 vo-

337 1098 369 1146 10
386 1078 526 1156 biscum,
550 1076 814 1164 disceptationem
835 1076 984 1142 habeant.
1028 1101 1104 1142 nam
1122 1078 1148 1141 si
1166 1090 1216 1143 est
1235 1079 1271 1143 in
1288 1078 1402 1144 foedera

386 1173 431 1238 ita
448 1172 617 1259 scriptum,
644 1182 738 1237 utne
756 1170 784 1236 si
800 1170 920 1237 bellum
939 1171 1069 1256 quidem
1086 1172 1158 1256 quis
1176 1172 1309 1250 inferat,
1335 1170 1403 1238 tueri

386 1290 439 1332 me
464 1287 664 1353 regnumque
685 1288 792 1331 meum
814 1266 925 1343 liceat,
951 1265 1030 1330 mihi
1052 1266 1218 1332 fatendum
1241 1280 1306 1346 est,
1331 1265 1402 1352 quod

387 1384 440 1427 me
465 1362 562 1426 armis
588 1361 741 1427 adversus
768 1360 963 1447 Abrupolim
989 1360 1112 1427 socium
1142 1362 1254 1448 populi
1280 1361 1402 1429 Romani

338 1477 368 1524 11
388 1455 600 1533 defenderim,
623 1455 738 1521 foedus
755 1455 910 1520 violatum
927 1477 1006 1520 esse.
1051 1455 1101 1521 sin
1118 1467 1227 1522 autem
1249 1457 1311 1525 hoc
1328 1468 1358 1523 et
1373 1479 1402 1522 ex

388 1551 516 1616 foedere
533 1549 623 1615 licuit
637 1560 669 1615 et
682 1550 752 1615 iure
765 1549 910 1636 gentium
922 1548 969 1614 ita
982 1561 1189 1636 conparatum
1204 1562 1263 1630 est,
1280 1565 1317 1617 ut
1331 1574 1403 1617 anna

270 1663 275 1682 ¹
389 1644 485 1709 armis
503 1644 744 1730 propulsentur,
766 1644 845 1727 quid
862 1644 993 1709 tandem
1010 1667 1063 1710 me
1080 1644 1187 1711 facere
1206 1646 1327 1725 decuit,
1345 1668 1403 1712 cum

389 1737 566 1825 Abrupolis
587 1738 660 1802 finis
685 1738 749 1803 mei
770 1739 863 1849 regni
881 1739 1044 1823 usquead
1065 1740 1289 1853 Amphipolim
1306 1763 1403 1853 perva-

390 1845 518 1912 stasset,
541 1833 643 1898 multa
659 1832 761 1899 libera
784 1834 903 1919 capita,
925 1856 1078 1944 magnam
1094 1835 1161 1899 vim
1177 1837 1403 1923 mancipiorum,
1438 1875 1442 1894 ι

340 1947 371 1994 ιι
388 1928 490 1993 multa
510 1928 599 1993 milia
620 1949 772 2016 pecorum
795 1928 975 2039 abegisset?
1004 1929 1202 2013 quiescerem
1225 1943 1256 1997 et
1283 1944 1403 2019 paterer,

390 2024 491 2089 donec
507 2024 633 2089 Pellam
655 2036 688 2090 et
708 2024 742 2090 in
763 2024 886 2111 regiam
909 2047 1016 2089 meam
1039 2036 1141 2090 armat
1141 2049 1180 2091 us
1202 2017 1443 2124 pervenissetli

389 2117 531 2183 atenim
558 2117 643 2184 bello
666 2118 831 2203 quidem
822 2128 906 2183 rusto
929 2142 1002 2183 sum
1028 2131 1230 2205 persecutus,
1257 2122 1316 2187 sed
1336 2116 1443 2200 vinci}

388 2236 454 2278 non
477 2214 617 2300 oportuit
638 2238 712 2280 eum
733 2236 837 2299 neque
862 2214 925 2279 alia
947 2236 1030 2298 quae
1052 2214 1144 2280 victis
1167 2216 1318 2281 accidunt
1337 2205 1443 2304 pati31'

390 2331 525 2394 quorum
543 2332 653 2375 casum
671 2332 744 2375 cum
758 2332 820 2395 ego
833 2308 996 2386 subierim,
1015 2309 1071 2394 qui
1089 2333 1161 2375 sum
1178 2311 1276 2375 armis
1294 2308 1405 2376 lacessi·
1436 2285 1443 2380 l

389 2419 452 2482 tus,
470 2404 548 2489 quid
564 2415 670 2491 potest
686 2404 777 2488 queri
795 2402 856 2469 sibi
874 2403 1038 2482 accidisse,
1056 2403 1112 2488 qui
1130 2427 1229 2469 causa
1245 2406 1323 2471 belli
1339 2400 1405 2468 fuit?

340 2515 370 2562 ιι
389 2521 454 2564 non
471 2522 543 2564 sum
560 2500 674 2565 eodem
695 2499 790 2564 modo
809 2497 1014 2576 defensurus,
1036 2498 1190 2577 Romani,
1214 2500 1304 2584 quod
1320 2498 1405 2563 Dolo·

389 2617 447 2679 pas
465 2593 560 2659 armis
579 2594 789 2671 coercuerim,
807 2592 899 2677 quia,
917 2593 977 2658 etsi
994 2615 1059 2658 non
1075 2594 1189 2658 morito
1208 2616 1334 2673 eorum,
1350 2594 1405 2657 iura

389 2689 451 2754 feci
473 2710 562 2765 meo,
588 2709 661 2754 cum
683 2688 747 2753 mei
768 2688 876 2774 regni,
901 2710 993 2753 meae
1016 2687 1149 2753 dicionis
1167 2700 1289 2767 essent,
1316 2698 1405 2754 vestro

341 2802 373 2848 14
391 2783 519 2848 decreto
537 2784 621 2869 patri
638 2782 792 2847 adtributi
809 2805 892 2849 meo.
936 2805 1010 2861 nec,
1029 2784 1057 2848 si
1074 2805 1172 2848 causa
1188 2784 1353 2850 reddenda
1367 2783 1405 2855 sit,

391 2899 457 2941 non
473 2877 565 2941 vobis
582 2899 643 2944 nec
659 2876 842 2955 foederatis,
861 2878 918 2944 sed
934 2877 988 2956 iis,
1007 2878 1063 2963 qui
1083 2875 1152 2965 [ne]
1171 2879 1205 2943 in
1224 2902 1334 2945 servos
1350 2877 1406 2963 qui·

390 2971 464 3037 dem
482 2994 580 3037 saeva
600 2981 697 3082 atque
714 2970 832 3038 iniusta
849 2972 984 3058 imperia
1001 2971 1152 3058 probant,
1175 2972 1250 3059 plus
1267 2995 1367 3059 aequo
1382 2980 1442 3038 et

391 3067 475 3131 bono
489 3066 628 3133 saevisse
645 3067 679 3131 in
693 3088 748 3132 eos
761 3066 864 3132 videri
882 3088 1024 3152 possum,
1042 3066 1161 3153 quippe
1173 3066 1443 3172 Euphranorem

389 3160 588 3272 praefectum
605 3185 624 3227 a
641 3184 693 3227 me
710 3161 885 3247 inpositum
902 3160 913 3224 i
914 3171 948 3225 ta
914 3161 1162 3239 tocciderunt‚
1186 3172 1224 3225 ιιι
1240 3184 1328 3227 ιιοιι
1345 3180 1442 3247 poe·

389 3279 503 3321 narum
520 3257 588 3322 eius
605 3257 767 3323 levissima
784 3256 891 3322 fuerit.

357 3370 372 3417 1
453 3351 648 3416 XXXXII.
680 3352 728 3416 At
749 3374 822 3418 cum
848 3351 1074 3437 processissem
1100 3350 1175 3415 inde
1201 3352 1245 3414 ad
1271 3349 1406 3417 visendas

389 3446 538 3511 Larisam
556 3457 588 3512 et
604 3447 753 3512 Antrona
770 3459 802 3514 et
817 3446 969 3522 Pteleon,
991 3445 1067 3531 quia
1088 3445 1122 3510 in
1142 3446 1325 3532 propinquo
1342 3442 1408 3509 Del·

390 3540 446 3625 phi
457 3538 587 3627 [erant]‚
606 3541 805 3606 sacrificandi
818 3564 925 3618 causa,
943 3539 1006 3628 [ut]
1023 3541 1124 3605 multo
1137 3551 1212 3605 ante
1226 3541 1336 3606 debita
1347 3548 1409 3605 vota

357 3654 372 3702 ι
391 3635 620 3720 persolverem,
638 3635 786 3721 Delphos
807 3635 945 3702 escendi.
990 3646 1023 3701 et
1043 3635 1092 3700 his
1118 3634 1260 3701 criminis
1282 3630 1409 3723 augendi

392 3751 489 3794 causa
515 3749 589 3794 cum
614 3730 757 3795 exercitu
782 3753 834 3796 me
851 3731 915 3795 isse
937 3730 1086 3808 adicitur3
1113 3729 1235 3795 scilicet
1257 3742 1309 3809 ut,
1336 3724 1410 3815 quod

391 3844 476 3887 nunc
494 3845 552 3888 vos
569 3822 676 3889 facere
693 3846 823 3909 queror,
840 3824 937 3890 urbes
955 3846 1155 3910 occuparem,
1174 3824 1303 3891 arcibus
1320 3826 1412 3911 impo-

358 3936 373 3983 3
392 3940 501 3983 nerem
519 3918 686 4005 praesidia.
718 3930 831 3986 vocate
848 3920 882 3984 in
900 3919 1069 3985 concilium
1088 3917 1246 3986 Graeciae
1265 3920 1413 3991 civitatee,

391 4034 448 4098 per
466 4035 546 4097 quas
563 4013 624 4080 iter
641 4014 713 4091 feci,
732 4025 885 4099 queratur
897 4013 1115 4097 unusquilibet
1130 4013 1239 4079 militis
1258 4014 1324 4081 mei
1340 4014 1415 4080 iniu-

391 4108 485 4172 riam:
507 4130 573 4173 non
589 4108 744 4176 recusabo
762 4108 841 4192 quin
859 4108 1006 4173 simulato
1023 4107 1178 4173 sacrificio
1197 4108 1287 4173 aliud
1304 4110 1415 4196 petisse

358 4202 510 4270 tvidear.
555 4204 681 4270 Aetolis
704 4214 737 4268 et
753 4204 909 4288 Byzantio
934 4202 1094 4289 praesidia
1114 4203 1260 4269 misimus
1287 4215 1321 4270 et
1348 4224 1415 4269 cum

391 4298 523 4364 Boeotis
550 4298 722 4364 amicitiam
754 4297 900 4364 fecimus.
952 4298 1032 4364 haec
1059 4298 1308 4384 qualiacumque
1338 4309 1417 4372 sunt,

1438 3029 1443 3100 l

298 4485 347 4537 Κ
