3359 5092
457 549 574 606 uranu
590 549 749 620 xxxxu,
768 549 811 606 ao.
824 551 868 607 ao.
888 555 926 620 [a.
937 550 968 607 c.
979 553 1037 608 ua
1048 553 1111 623 171]
1256 538 1297 608 51

332 708 522 776 XXVIIII.
549 707 589 772 P.
599 707 736 785 Licinio,
755 705 795 773 C.
807 706 920 774 Cassio
938 712 1121 777 consulibus
1139 734 1204 777 non
1220 710 1298 777 urbs
1317 731 1332 778 1

286 817 392 872 autum
405 805 512 870 Roma
528 825 588 869 nec
605 814 690 869 terra
702 805 806 882 Italia,
826 805 882 869 sed
901 828 1011 872 omues
1029 830 1122 894 reges
1139 808 1298 874 civitates-

285 926 341 989 yuc,
360 923 443 986 quae
460 898 635 984 inEuropa
652 920 800 983 quaeque
818 900 941 965 inAsia
958 914 1058 980 erant,
1078 914 1299 970 converterant

285 997 391 1062 mimos
408 995 444 1059 in
463 1016 574 1059 curam
588 992 792 1059 Macedonici
810 1016 849 1059 ac
863 995 1001 1060 Romani
1019 997 1104 1062 belli.
1131 996 1299 1065 Eumenen
1318 1016 1333 1065 2

285 1114 343 1156 oum
355 1101 448 1156 vetus
461 1088 572 1154 odium
586 1088 780 1166 stimulabat,
798 1101 868 1153 tum
881 1111 991 1155 recens
1004 1089 1062 1168 ira,
1080 1092 1167 1175 quod
1181 1094 1299 1158 scelere

285 1185 379 1251 Persei
397 1205 497 1271 prope
514 1194 552 1248 ut
568 1183 709 1248 victuma
725 1193 883 1248 mactatus
896 1181 1032 1270 Delphis'
1047 1198 1140 1251 esset.
1165 1186 1298 1252 Prusias
1317 1202 1332 1250 a

285 1280 439 1366 Bithyniae
462 1301 519 1344 rex
542 1288 694 1343 statuerat
717 1277 876 1344 abstinere
898 1279 994 1343 armis
1017 1290 1049 1344 et
1072 1291 1222 1346 eventum
1244 1303 1300 1346 ex·

285 1387 410 1460 pectare:
428 1397 505 1439 uam
522 1394 627 1457 neque
640 1373 803 1438 Romanos
820 1395 915 1458 posse
933 1395 1069 1458 aequom
1088 1397 1217 1441 censere
1231 1371 1297 1463 [se]

285 1470 422 1535 adversus
440 1469 571 1536 fratrem
589 1468 698 1533 uxoris
716 1490 805 1533 arma
822 1468 906 1534 ferre
923 1479 956 1534 et
973 1480 1052 1554 aput
1060 1468 1181 1536 Persea
1198 1471 1299 1536 victo-

285 1586 338 1629 rem
353 1564 481 1629 veniam
498 1585 557 1649 per
573 1584 715 1628 sororem
731 1562 967 1649 impetrabilem
984 1563 1063 1629 fore.
1107 1565 1295 1631 Ariarathes
1313 1582 1330 1629 4

285 1656 502 1746 Cappadocum
527 1681 598 1734 rex,
624 1668 848 1744 praeterquam
871 1657 959 1742 quod
981 1658 1134 1724 Romanis
1159 1680 1217 1725 suo
1239 1681 1297 1724 no·

285 1754 354 1819 nine
376 1753 497 1818 auxilia
519 1753 679 1838 pollicitus
698 1763 779 1830 erat,
802 1775 844 1817 ex
861 1773 926 1836 quo
944 1762 992 1818 est
1013 1753 1141 1819 iunctus
1159 1753 1298 1820 Eumeni

285 1849 450 1925 adfinitate,
472 1848 506 1912 in
524 1848 631 1912 omnia
647 1847 724 1912 belli
742 1848 895 1934 pacisque
913 1870 948 1911 se
966 1849 1204 1914 consociaverat
1222 1870 1298 1914 con·

286 1944 346 2009 ilia.
392 1942 573 2008 Antiochus
599 1941 775 2007 inminebat
801 1941 932 2027 quidem
955 1943 1100 2029 Aegypti
1125 1964 1239 2029 regno,
1266 1953 1332 2009 eto
1382 2007 1387 2018 ,

285 2038 437 2105 ueritiam
458 2037 543 2123 regis
566 2049 598 2103 et
618 2036 765 2103 inertiam
788 2048 931 2102 tutorum
953 2060 1121 2124 spernens,
1143 2051 1175 2105 et
1198 2040 1300 2104 ambi-

285 2135 371 2217 :endo
391 2134 432 2199 de
452 2130 551 2199 Coele
570 2131 665 2218 Syria
683 2155 813 2198 causam
831 2133 908 2198 belli
926 2155 960 2199 se
978 2134 1162 2200 habiturum
1180 2135 1299 2200 existu-

285 2230 376 2296 rabat
393 2239 626 2314 gesturumque
643 2227 677 2292 id
699 2228 787 2293 nullo
805 2228 1034 2315 impedimento
1051 2230 1214 2316 occupatis
1233 2230 1299 2295 Ro·
1317 2243 1332 2292 6

285 2324 368 2391 ranis
393 2324 429 2387 in
453 2321 668 2387 Macedonico
694 2323 789 2388 bello.
835 2323 923 2407 quod
945 2321 1018 2410 [ad]
1043 2322 1163 2389 bellum
1190 2335 1297 2389 tamen

285 2418 373 2485 mnia
391 2429 425 2484 et
446 2439 505 2503 per
522 2437 596 2482 suos
618 2418 741 2503 legatos
764 2417 890 2483 senatui
911 2429 944 2482 et
965 2418 1034 2501 ipse
1055 2417 1170 2503 legatis
1189 2440 1299 2483 eorum

285 2514 360 2578 nixe
374 2511 538 2600 pollicitus
556 2521 633 2576 erat.
668 2510 875 2578 Ptolemaeus
897 2522 1028 2597 propter
1045 2522 1181 2576 aetatem
1204 2511 1299 2576 alieni
1318 2529 1331 2574 ⁷

285 2608 369 2672 tiam
382 2617 450 2671 tum
469 2605 580 2670 arbitri
597 2617 680 2684 erat3
698 2617 820 2671 tutores
834 2616 866 2672 et
883 2606 1004 2670 bellum
1022 2606 1300 2671 adversusAntio-

285 2700 369 2766 thum
383 2700 552 2787 parabant,
571 2721 634 2784 quo
652 2700 852 2765 vindicarent
871 2697 1004 2765 Coelem
1023 2698 1165 2785 Syriam,
1184 2710 1216 2765 et
1233 2700 1299 2765 Ro-

285 2796 370 2862 nanis
405 2795 514 2861 omnia
548 2795 779 2882 pollicebantur
814 2798 856 2862 ad
886 2795 1133 2863 Macedonicum
1168 2797 1298 2862 bellum.

285 2891 442 2959 dasinissa
460 2900 493 2956 et
515 2890 676 2957 frumento
693 2891 825 2957 iuvabat
841 2891 1021 2969 Romanos,
1040 2902 1071 2957 et
1088 2892 1208 2957 auxilia
1226 2914 1297 2957 cum
1317 2904 1333 2954 8

285 2986 446 3074 lephantis
465 2985 722 3071 Misagenenque
744 2986 845 3051 filium
866 2987 992 3053 mittere
1010 2987 1051 3051 ad
1068 2987 1189 3053 bellum
1205 3009 1300 3073 para·

285 3095 332 3146 at.
377 3079 513 3146 consilia
539 3091 646 3147 autem
672 3082 706 3145 in
733 3102 860 3146 omnem
887 3081 1049 3146 fortunam
1074 3081 1120 3146 ita
1146 3080 1300 3165 disposita

285 3177 424 3242 abebat:
451 3175 480 3240 si
502 3199 600 3263 penes
617 3177 781 3243 Romanos
800 3175 934 3242 victoria
951 3187 1049 3252 esset,
1078 3197 1152 3240 suas
1171 3196 1299 3260 quoque
1319 3189 1333 3237 9

285 3270 434 3337 neodem
452 3280 538 3335 statu
555 3293 722 3336 mansuras
740 3294 791 3336 res
809 3293 890 3346 esse,
909 3290 1013 3353 neque
1030 3269 1115 3333 ultra
1128 3270 1299 3353 quicquam

285 3367 480 3443 movendum,
501 3388 567 3431 non
589 3367 674 3432 enim
691 3388 840 3453 passuros
859 3366 1022 3431 Romanos
1044 3364 1111 3428 vim
1129 3361 1300 3451 Carthagi·

285 3460 434 3527 aiensibus
462 3460 596 3539 adferri3
628 3461 656 3526 si
684 3461 806 3528 fractae
833 3470 940 3526 essent
966 3480 1043 3544 opes
1069 3459 1298 3537 Romanorum,
1319 3473 1351 3522 lo

287 3572 353 3636 quae
383 3568 454 3620 tum
485 3566 689 3642 protegerent
720 3553 1018 3642 Carthaginienses,
1051 3576 1142 3619 suam
1173 3575 1301 3620 omnem

288 3647 416 3715 Africam
443 3649 522 3715 fore.
577 3648 714 3716 Gentius
740 3674 798 3716 rex
823 3650 1007 3735 Illyriorum
1038 3648 1158 3715 fecerat
1183 3650 1299 3735 potius,
1319 3663 1350 3710 11

288 3762 332 3808 cur
346 3754 513 3832 suspectus
533 3745 790 3823 assetRomanis,
809 3767 907 3829 quam
922 3744 999 3808 satis
1014 3754 1177 3819 statuerat,
1195 3753 1300 3808 utram

288 3833 394 3905 foveret
411 3849 551 3925 partem,
574 3840 761 3926 impetuque
784 3839 887 3925 magis
906 3859 1003 3922 quam
1025 3837 1155 3902 consilio
1173 3837 1222 3902 his
1245 3850 1301 3901 aut

287 3926 336 3996 illis
352 3956 384 3998 se
403 3933 611 3999 adiuncturus
629 3934 806 4000 videbatur.
839 3931 940 4017 Cotys
959 3932 1079 4008 Thrax,
1090 3929 1300 4016 ,Odrysarum
1320 3944 1351 3992 12

287 4046 341 4103 rex,
355 4028 468 4094 Persei
486 4050 524 4093 ac
540 4028 758 4095 Macedonum
775 4028 875 4116 partis
894 4039 970 4092 erat.

338 4119 456 4187 XXX.
482 4123 576 4189 Haec
593 4124 749 4190 sententia
766 4123 897 4210 regibus
912 4144 985 4186 cum
999 4130 1083 4186 esset
1096 4120 1136 4184 de
1154 4118 1248 4194 bello,
1266 4118 1299 4182 in
1318 4135 1332 4181 1

285 4211 378 4281 liberis
405 4217 556 4304 gentibus
587 4217 776 4305 populisque
804 4217 896 4305 plebs
922 4216 1043 4299 ubique
1069 4210 1172 4277 omnis
1199 4211 1298 4277 ferme

285 4304 431 4399 [favens],
459 4323 494 4377 ut
512 4313 607 4391 solet,
633 4312 843 4379 deterioribus
862 4322 929 4378 erat
954 4310 995 4375 ad
1018 4330 1128 4395 regem
1145 4305 1300 4372 Macedo·

1100 4408 1135 4462 40
