3359 5092
363 522 426 588 146
549 531 1199 602 LIBERXXXXIHI,41..42[au.c.586]

364 714 427 777 que
445 689 733 777 capessebatint
686 688 888 754 intervallum
905 687 1018 800 quod
1009 699 1092 755 mter
1109 700 1247 756 cetratos
1264 701 1295 758 et
1310 690 1403 776 pha·=

366 790 477 875 langes
490 798 567 862 erat,
585 785 781 894 inplevit
730 785 815 850 leoic
829 795 928 868 atque
942 784 1043 851 aciem
1060 784 1225 851 hostium
1216 786 1372 872 interrupit

332 903 349 953 a
367 906 387 947 a
403 893 493 968 tergo
516 880 643 946 cetratis
667 890 749 957 erat,
722 879 914 944 tfrontem
936 878 1090 945 adversus
1108 876 1272 967 clupeatos
1294 880 1372 945 haba·

366 978 436 1054 hat,
467 974 682 1060 chalcaspides
714 974 967 1059 appellabantur.
1025 974 1201 1041 secundam
1235 974 1371 1061 legionen

365 1070 407 1136 L.
425 1069 564 1136 Albinus
583 1068 756 1135 consularis
774 1069 892 1134 ducere
909 1068 1062 1135 adversus
1079 1068 1297 1155 leucapimm
1312 1069 1371 1155 plu·

332 1187 348 1235 a
367 1166 495 1251 langem
512 1163 634 1239 iussua;
657 1184 696 1228 ea
712 1162 819 1228 media
835 1161 921 1227 acies
938 1161 1077 1228 hostium
1094 1162 1166 1228 fuit
1193 1164 1229 1228 in
1246 1164 1371 1229 dexhun

367 1281 480 1338 cornu,
508 1256 594 1322 unde
621 1256 707 1324 cirea
735 1257 871 1322 fluvium
900 1256 1106 1322 commissum
1130 1258 1289 1343 proelium
1314 1268 1370 1332 erat

365 1351 553 1439 elephantos
569 1350 691 1416 indicit
702 1361 736 1416 et
749 1350 817 1415 alas
831 1350 1004 1428 sociorum
1023 1361 1055 1416 et
1068 1350 1143 1415 hinc
1160 1351 1301 1437 primum
1313 1351 1371 1437 iuga

332 1471 350 1518 a
366 1446 584 1514 Macedonum
602 1456 651 1510 est
664 1454 743 1510 orta.
769 1467 845 1509 nam
863 1444 945 1510 sicut
961 1445 1113 1531 pleraque
1126 1468 1213 1512 nora
1227 1457 1370 1512 conmenta

366 1540 550 1607 mortalium
571 1540 605 1603 in
626 1540 733 1606 verbis
750 1539 816 1604 vim
838 1539 973 1617 habent,
1000 1539 1211 1627 experiendo,
1238 1564 1310 1608 cum
1326 1540 1369 1626 agi.

365 1656 433 1702 nan
447 1655 544 1719 quem
565 1634 609 1699 ad
629 1633 762 1700 modum
782 1645 899 1720 agatur
916 1634 1049 1701 edisseri
1068 1646 1210 1720 oportet,
1238 1637 1304 1702 sine
1324 1635 1369 1701 ulla

367 1728 484 1796 effectu
501 1739 706 1804 evanescunt,
721 1727 768 1792 ita
785 1739 854 1793 tum
872 1728 1032 1814 elephanti
1049 1728 1084 1794 in
1102 1730 1171 1795 acie
1189 1752 1306 1798 nomen
1321 1743 1368 1795 tar

333 1845 348 1894 ι
367 1835 436 1889 tum
452 1822 521 1888 aine
537 1845 599 1888 usu
616 1822 756 1888 fuerant.
799 1822 1041 1908 elephantorum
1057 1823 1215 1910 impetum
1232 1820 1368 1891 subsecuti

368 1929 442 1983 sunt
459 1916 538 1982 socii
558 1918 695 1984 nominis
713 1917 838 1995 Latini,
861 1918 1116 2026 pepuleruntque
1138 1919 1266 1985 laevom
1284 1939 1366 1986 cornu
1390 2003 1403 2010 -

335 2010 402 2081 cin
426 2010 532 2076 medio
557 2011 700 2078 secunda
730 2011 850 2097 legio
840 2012 972 2077 inmissa
998 2012 1164 2098 dissipavit
1190 2013 1367 2100 pbalangem

367 2126 471 2189 neque
497 2104 564 2170 ulla
586 2105 762 2171 evidentior
784 2128 882 2171 causa
903 2107 1054 2172 victoriae
1079 2106 1156 2185 fuit,
1183 2130 1281 2193 quam
1305 2099 1366 2191 qud

366 2200 468 2264 multe
487 2198 608 2285 passim
624 2200 745 2284 proelia
762 2211 867 2277 erant,
889 2222 973 2284 quae
994 2201 1205 2267 fluctuantem
1226 2203 1366 2268 turbant

366 2292 479 2378 primo,
498 2291 612 2359 deinde
629 2294 823 2359 disiecerunt
839 2294 1048 2381 phalangem,
1071 2294 1163 2361 cuim
1182 2296 1366 2362 confmmea

335 2411 348 2458 ι
366 2387 494 2452 intentis
516 2386 673 2453 horrentis
694 2387 793 2454 hastis
815 2388 1030 2455 intolerabiles
1053 2388 1137 2455 vires
1159 2402 1250 2468 sunt;
1275 2391 1365 2455 sicar·
1398 2465 1403 2472 Ι

366 2483 447 2570 ptim
469 2482 687 2569 adgrediendo
705 2483 920 2569 circumagere
938 2483 1122 2549 inmobilem
1144 2485 1365 2571 longitudinett
1383 2539 1403 2580 Ξ

366 2576 522 2662 gravitate
535 2576 661 2642 hastam
675 2598 782 2662 cogas,
801 2577 935 2643 confusa
948 2589 1035 2643 strue
1051 2577 1260 2664 inplicantur3
1277 2578 1363 2643 aim

367 2682 423 2735 aut
449 2670 491 2734 ab
517 2670 615 2736 latere
638 2681 694 2736 aut
716 2670 758 2736 ab
785 2682 876 2757 tergo
898 2670 1018 2755 aliquid
1043 2672 1200 2738 tumultus
1226 2665 1362 2756 increpui·
1380 2703 1403 2716 -

333 2763 477 2834 amirrae
500 2764 596 2828 modo
618 2764 800 2844 turbantur,
827 2766 909 2831 sicut
934 2777 1004 2830 tum
1030 2766 1184 2832 adversus
1208 2761 1362 2832 catervatil

366 2857 563 2924 incurrentes
580 2857 744 2924 Romanos
766 2870 798 2926 et
818 2860 996 2944 interrupta
1017 2859 1226 2926 multifariam
1247 2860 1310 2926 acie
1327 2853 1362 2921 cb·
1379 2897 1402 2922 -.

367 2950 453 3016 viam
470 2950 517 3017 ire
534 2952 739 3038 cogebantur.
767 2963 799 3018 et
816 2954 964 3032 Romani,
983 2975 1188 3039 quacumque
1206 2955 1281 3021 data
1295 2953 1361 3018 iata·
1393 3013 1403 3022 .

334 3046 452 3114 avalla
473 3056 594 3123 essent,
616 3045 822 3114 insinuabant
844 3048 971 3114 ordines
992 3069 1076 3113 suos.
1120 3049 1225 3133 quisi
1245 3048 1363 3116 amru!

366 3139 435 3206 acie
450 3140 486 3206 in
506 3139 643 3206 hortem
661 3140 815 3206 adversus
835 3140 1023 3206 instructam
1044 3141 1240 3228 phalangem
1261 3153 1360 3208 conca·

365 3234 489 3313 sissent,
506 3234 593 3319 quod
605 3234 769 3320 Paelignis
786 3235 942 3321 principio
955 3258 1084 3322 pugnae
1101 3236 1230 3303 incaute
1244 3258 1280 3303 co
1399 3268 1402 3273 ·

366 3329 410 3393 ais
424 3327 578 3395 adversus
596 3340 731 3396 cetratos
746 3330 862 3407 evenit,
878 3330 1057 3398 induissent
1074 3354 1109 3397 se
1126 3331 1229 3398 hastis
1242 3352 1298 3398 nec
1311 3343 1359 3394 ott·
1397 3323 1403 3330 ’

366 3420 480 3486 sertam
500 3423 598 3488 aciem
618 3425 851 3491 sustinuissent.

334 3535 348 3582 1
430 3513 624 3581 XXXXII.
646 3514 800 3583 Ceterum
812 3518 895 3585 srcut
912 3520 1055 3605 peditum
1071 3521 1192 3631 passim
1207 3520 1312 3587 caedes
1376 3563 1403 3612 2

367 3607 503 3684 bant,
471 3608 533 3674 mai
546 3630 602 3694 qm
592 3610 747 3677 abiectis
764 3613 861 3677 armis
879 3614 1084 3699 fugerunt,
1059 3636 1105 3680 src
1117 3615 1279 3726 equitatus
1289 3619 1358 3699 prol·
1391 3666 1402 3674 .-

334 3723 349 3771 2
366 3701 491 3788 integer
502 3726 612 3789 pugna
625 3705 771 3772 excessit.
798 3707 945 3793 princeps
959 3708 1056 3793 fugae
1069 3730 1126 3773 rex
1140 3709 1212 3796 ipse
1226 3722 1298 3776 erat
1317 3701 1358 3768 ὓ

367 3819 387 3860 ι
402 3793 520 3882 Pydna
537 3820 610 3864 cum
627 3800 725 3865 sacris
743 3800 800 3866 alis
818 3801 961 3885 equitum
978 3801 1103 3867 Pellam
1120 3805 1268 3888 petebat;
1259 3791 1359 3868 aar&
1394 3879 1401 3886 ,

332 3910 348 3959 a
367 3891 439 3958 atim
458 3914 513 3959 eos
531 3889 633 3979 Cotys
651 3895 844 3978 sequebatur
858 3893 1123 3981 Odrysarumque
1142 3899 1308 3983 equitatus.
1328 3905 1359 3954 a·

367 3998 453 4053 terae
470 4008 599 4098 quoque
607 3987 824 4054 Macedonum
843 3991 935 4056 alae
925 3991 1057 4077 integris
1070 3991 1204 4058 abibant
1219 3987 1359 4059 omnbus

365 4081 442 4165 quia
458 4081 622 4147 interiecta
638 4082 782 4168 peditum
799 4083 894 4160 acies,
913 4084 1004 4150 cuius
1018 4085 1132 4151 caedas
1151 4086 1286 4152 victores
1300 4091 1360 4146 tw

332 4175 463 4253 abat,
454 4198 644 4244 inmemores
662 4177 783 4244 fecerat
799 4180 952 4264 sequendi
971 4180 1104 4265 equites
1141 4182 1198 4248 diu
1216 4180 1360 4270 phalanx·
1380 4171 1403 4184 '⁴

366 4267 479 4347 fronte,
496 4296 517 4337 a
534 4272 700 4349 lateribus,
719 4272 761 4338 ab
777 4285 869 4361 tergo
886 4296 980 4341 caesa
997 4285 1056 4342 eat.
1098 4286 1263 4363 postremo
1279 4271 1361 4359 qna
