3359 5092
458 547 576 603 mann
593 547 782 619 xxxxmn
801 550 842 604 so.
857 550 898 604 31.
919 548 1073 621 [acras]
1220 536 1284 606 135

285 703 351 768 scit.
406 705 484 768 socii
506 718 595 771 erant
617 706 835 771 Romanorum
841 730 851 783 ;
877 707 985 791 itaque
1011 729 1070 792 pcr
1094 706 1318 793 praemissoss

285 797 385 862 mtios
405 799 493 884 prius
512 799 657 884 temptati
675 799 873 866 obsidionem
891 802 958 885 pati
974 821 1072 885 quam
1086 802 1201 868 dedere
1217 824 1286 868 sese

285 892 449 955 aluerunt.
478 889 707 958 Caravantium
724 894 757 958 in
768 890 865 959 Caris
880 894 1043 959 Durnium
1060 896 1213 981 oppidum
1230 897 1287 961 ad·
1304 918 1319 966 9

285 986 441 1051 nientem
463 987 602 1073 benigne
627 988 764 1074 accepit,
793 986 993 1056 Caravandis
1015 992 1115 1056 altera
1137 991 1215 1057 urbs
1232 1014 1287 1056 ex·

285 1080 359 1146 rsit.
389 1091 423 1145 et
435 1100 530 1167 agros
545 1102 656 1147 eorum
666 1080 771 1169 [cum]
782 1083 884 1149 effuse
898 1095 1047 1162 vastaret,
1058 1085 1178 1169 aliquot
1189 1085 1287 1170 palati

285 1173 371 1241 ilites
397 1176 573 1262 agrestium
596 1198 752 1241 concursu
774 1178 933 1245 interfecti
959 1191 1042 1243 sunt.
1086 1179 1151 1245 iam
1173 1190 1205 1247 et
1221 1180 1286 1265 Ap.
1307 1198 1338 1245 10

285 1269 417 1336 ‚audius
440 1270 618 1357 adsumptis
641 1271 683 1335 ad
705 1294 779 1337 eum
801 1273 991 1350 exercitum,
1018 1295 1113 1357 quem
1138 1273 1287 1350 habebat,

285 1365 464 1430 illinorum
487 1376 519 1429 et
536 1365 791 1449 Apolloniatium
813 1377 846 1431 et
862 1365 1137 1432 Durrachinorum
1162 1366 1287 1432 auxiliis

285 1459 423 1524 ofectus
437 1481 476 1523 ex
492 1457 632 1524 hibernis
647 1459 731 1523 circa
741 1458 910 1525 Genusum
925 1483 1051 1525 amnem
1069 1473 1173 1526 castra
1189 1462 1289 1525 habe·

285 1565 316 1631 t,
338 1551 455 1616 audito
469 1552 598 1618 foedere
615 1552 699 1619 inter
706 1553 827 1619 Persea
841 1566 873 1619 et
887 1552 1043 1620 Gentium
1061 1567 1093 1621 et
1109 1556 1287 1641 legatorum
1307 1576 1336 1623 11

285 1647 451 1713 alatorum
468 1647 583 1712 iniuria
600 1670 763 1725 accensus,
781 1649 901 1713 bellum
919 1648 1117 1715 hauddubie
1136 1650 1287 1715 adversus

285 1766 327 1806 m
352 1755 517 1827 gesturus.
560 1742 697 1807 Anicius
719 1754 847 1827 praetor
869 1765 906 1808 eo
933 1754 1075 1828 tempore
1097 1743 1289 1829 Apolloniae
1309 1762 1339 1810 12

285 1837 376 1902 rditis
391 1857 476 1918 quae
494 1837 528 1900 in
541 1836 671 1922 Illyrico
688 1849 886 1923 gererentur,
904 1838 1149 1923 praemissisque
1167 1838 1209 1901 ad
1218 1838 1289 1921 Ap-

285 1955 344 1996 um
369 1929 500 2008 litteris,
527 1943 564 1994 ut
587 1953 620 1995 se
643 1932 686 1995 ad
704 1928 875 1996 Genusum
892 1932 1104 2017 opperiretur,
1131 1931 1235 1996 triduo
1258 1941 1288 1995 et

285 2050 320 2091 se
341 2025 379 2088 in
398 2035 504 2088 castra
521 2025 607 2091 venit
613 2050 622 2102 3
646 2036 678 2090 et
696 2025 737 2090 ad
755 2047 894 2109 eaquae
917 2026 1057 2091 babebat
1074 2026 1193 2090 auxilia
1209 2025 1290 2089 Par-
1309 2042 1340 2093 18

285 2120 425 2184 inorum
446 2118 621 2183 iuventutis
643 2117 830 2206 [adiunctis]
856 2120 980 2185 duobus
1002 2120 1130 2184 milibus
1147 2120 1290 2205 peditum

313 2211 483 2297 equitibus
511 2214 656 2279 ducentis
679 2213 900 2299 —peditibus
925 2213 1105 2299 Epicadus,
1132 2213 1290 2297 equitibus

285 2307 419 2394 lgalsus
433 2319 580 2391 praeerat
589 2309 776 2395 -parabat
789 2309 905 2374 ducere
919 2309 952 2372 in
961 2308 1135 2392 Hlyricum,
1153 2307 1291 2373 maxime

285 2413 293 2465 t
316 2400 511 2466 Bassanitas
539 2403 675 2468 solveret
699 2402 875 2468 obsidione.
919 2402 1020 2468 tenuit
1045 2401 1201 2487 impetum
1224 2400 1291 2466 eius

285 2518 351 2559 ama
372 2495 557 2560 lemborum
575 2496 767 2561 vastantium
785 2495 976 2561 maritimam
995 2518 1093 2560 oram.
1129 2496 1292 2581 octoginta
1311 2516 1343 2563 14

285 2601 353 2654 rant
370 2589 485 2667 lembi,
505 2602 634 2656 auctore
655 2591 844 2655 Pantaucho
862 2589 950 2654 missi
971 2614 990 2655 a
1009 2587 1127 2655 Gentio
1146 2590 1187 2653 ad
1203 2588 1292 2675 Dyr·

285 2683 468 2749 achinorum
496 2696 528 2749 et
549 2684 824 2771 Appolloniatium
848 2707 941 2770 agros
963 2684 1173 2771 populandos.
1222 2695 1291 2748 tum
1311 2703 1342 2753 15

285 2775 373 2843 classis
393 2779 435 2843 ad
455 2776 556 2865 [....]
588 2800 607 2843 o
626 2803 663 2844 eo
682 2780 881 2845 tradiderunt
899 2803 943 2845 se.

330 2872 472 2938 XXXI.
500 2873 662 2961 Deinceps
681 2885 713 2940 et
730 2875 826 2941 urbes
845 2876 983 2961 regionis
1002 2876 1070 2941 eius
1092 2874 1178 2940 idem
1195 2874 1325 2943 facie-1

285 2961 358 3044 bunt,
381 2967 554 3033 adiuvante
576 2970 814 3034 inclinationem
836 2970 1015 3034 animorum
1038 2968 1205 3035 clementia
1229 2965 1293 3054 [in]

285 3062 370 3125 onais
383 3073 416 3127 et
433 3062 554 3128 iustitia
570 3064 725 3149 praetoris
734 3064 882 3129 Romani.
910 3065 952 3129 ad
961 3062 1117 3129 Scodram
1130 3063 1203 3127 inde
1217 3085 1294 3127 ven·
1312 3084 1328 3132 a

285 3163 405 3234 tumeat,
423 3158 510 3241 quod
525 3158 599 3223 belli
613 3172 707 3245 caput
724 3171 800 3235 erat,
818 3181 883 3223 non
893 3181 930 3224 eo
944 3159 1046 3223 solum
1061 3157 1147 3241 quod
1156 3155 1294 3223 Gentius

285 3269 343 3316 cam
356 3251 417 3315 sibi
431 3263 559 3338 ceperat
571 3254 660 3319 velut
672 3253 764 3339 regni
778 3254 876 3318 totius
890 3275 1005 3328 arcem,
1024 3253 1081 3317 sed
1099 3250 1195 3315 etiam
1208 3250 1295 3333 quod

285 3339 464 3411 Labeatium
481 3347 585 3432 gentis
599 3347 811 3412 munitissima
827 3349 924 3432 longe
938 3357 986 3411 est
1000 3355 1032 3410 et
1046 3344 1182 3408 difficilis
1196 3343 1294 3409 aditu.

286 3435 338 3502 duo
355 3440 487 3526 cingrmt
504 3464 577 3506 eam
594 3441 735 3518 flumina,
755 3438 908 3507 Clausala
924 3440 1023 3505 latere
1041 3438 1138 3515 urbis,
1157 3437 1244 3521 quod
1261 3438 1296 3503 in
1313 3460 1328 3508 a

285 3532 426 3600 orientem
442 3546 541 3621 patet,
559 3536 748 3621 praefluens,
766 3536 940 3600 Barbanna
952 3534 994 3598 ab
1006 3533 1136 3618 regione
1150 3531 1296 3597 occiden-

286 3627 328 3706 tis,
344 3652 383 3695 ex
399 3630 578 3696 Labeatide
595 3630 713 3717 palude
732 3631 846 3696 oriens.
873 3630 907 3693 hi
925 3627 988 3694 duo
1006 3651 1116 3693 amnes
1135 3630 1329 3697 contium-4

287 3733 326 3788 tes
337 3724 479 3789 incidunt
489 3721 628 3792 Oriundi
640 3725 773 3801 flumini,
783 3726 870 3809 quod
879 3736 983 3790 ortum
993 3746 1032 3789 ex
1046 3734 1154 3789 monte
1164 3723 1296 3801 Scordo,

287 3818 381 3883 multis
404 3830 436 3885 et
457 3819 528 3884 aliis
551 3831 681 3885 auctum
709 3821 815 3903 aquis,
842 3819 922 3884 mari
944 3818 1132 3883 Hadriatico
1153 3816 1296 3883 infertur.

286 3933 366 3978 mons
384 3912 542 3991 Scordus,
560 3913 655 4000 longe
673 3914 844 3979 altissimus
861 3913 999 3999 regionis
1016 3914 1099 3990 eius,
1119 3913 1160 3977 ab
1177 3913 1297 3978 oriente
1315 3931 1331 3978 5

285 4004 474 4075 Dardaniam
491 4008 667 4075 subiectam
685 4009 796 4087 habet,
815 4033 835 4074 a
851 4008 982 4074 meridie
999 4008 1237 4084 Macedoniam,
1256 4008 1297 4071 ab

285 4124 392 4169 occasu
401 4104 576 4191 Illyricum.
602 4125 797 4189 quamquam
810 4104 969 4169 munitum
982 4103 1046 4168 situ
1058 4102 1194 4167 naturali
1208 4101 1298 4186 oppi-
1316 4118 1331 4165 6

285 4193 354 4262 dum
372 4210 440 4264 erat
456 4221 600 4285 gensque
612 4199 647 4263 id
663 4209 731 4264 tota
738 4198 922 4286 Illyriorum
935 4208 966 4263 et
979 4220 1036 4264 rex
1054 4197 1121 4282 ipse
1139 4194 1297 4273 tuebatur,

285 4299 385 4359 tamen
404 4304 532 4381 praetor
553 4293 734 4372 Romanus,
761 4294 837 4378 quia
862 4293 966 4380 prima
987 4299 1204 4358 successerant
1225 4311 1299 4374 pro·
