3359 5092
333 517 398 586 164
504 529 623 588 amna
639 525 1192 600 xxxxv,1s.1e[ana5ssoar]

333 690 405 770 tini,
432 699 558 775 praeter
579 710 649 765 eos,
676 686 793 771 quibus
816 684 901 750 filius
925 684 1124 770 quinquenni
1146 686 1303 754 maiorer
1321 710 1347 754 ss

300 810 315 858 a
333 800 427 854 natus
445 795 528 851 esset
541 819 586 832 —
599 805 664 861 eos,
680 783 738 848 ubi
755 798 912 868 proxumo
929 783 1029 848 lustro
1048 782 1135 848 censi
1154 793 1271 862 essent,
1287 805 1347 850 cen-

334 881 398 948 seri
418 879 639 946 iusserunt-
655 890 687 944 et
710 899 765 943 eos
787 877 844 961 qui
861 876 1027 962 praedium
1050 877 1224 962 praediave
1246 878 1346 945 rustice
1370 955 1376 970 Α

332 975 433 1062 pluris
451 973 631 1040 sestertidm
652 972 783 1058 triginta
800 970 923 1035 milium
941 971 1166 1051 haberent—,
1185 969 1270 1059 [....]
1288 995 1345 1039 cen·
1368 1027 1376 1036 .

299 1093 315 1140 3
334 1069 425 1138 sandi
441 1070 492 1135 ius
510 1069 632 1134 factum
649 1080 707 1133 est.
742 1067 804 1132 hoe
822 1087 896 1131 cum
912 1065 959 1131 ita
971 1076 1134 1132 servatum
1152 1079 1247 1146 esset,
1264 1090 1343 1154 nega·
1365 1096 1374 1158 j,

332 1166 389 1230 bat
407 1161 564 1232 Claudius
588 1161 734 1248 suffragii
754 1158 907 1226 lationem
923 1160 1046 1226 iniussu
1069 1161 1182 1247 populi
1198 1183 1343 1227 censorem

333 1259 485 1342 cuiquam
503 1256 639 1334 homini,
662 1256 781 1322 nedum
804 1255 909 1320 ordini
931 1255 1082 1321 universo
1100 1256 1242 1322 adimere
1258 1277 1342 1343 posse.
1364 1289 1376 1350 ς

298 1376 438 1437 sueque
457 1353 557 1428 enim,
581 1351 607 1416 si
625 1351 712 1416 tribu
729 1371 859 1416 movere
877 1360 998 1436 posset,
1016 1349 1104 1433 quod
1120 1350 1164 1416 sit
1179 1351 1259 1416 nihil
1275 1347 1341 1417 alud

331 1469 430 1532 quam
455 1457 579 1512 mutare
604 1445 716 1510 iubere
742 1444 875 1523 tribum,
902 1444 974 1510 ideo
997 1444 1146 1510 omnibns
1167 1445 1341 1530 quinqued
1363 1504 1376 1511 .

332 1542 463 1627 triginta
483 1541 631 1605 tribubus
653 1561 799 1605 emovere
821 1562 930 1625 posse,
956 1539 1060 1605 idest
1083 1539 1247 1606 civitatem
1266 1540 1340 1605 liber·
1363 1535 1375 1606 s

332 1647 495 1720 tatemque
521 1635 658 1721 eripere,
684 1657 750 1700 non
775 1635 833 1699 ubi
860 1645 1027 1700 censentur
1051 1634 1159 1713 fiune,
1185 1636 1243 1701 sed
1264 1655 1340 1701 ceum
1361 1694 1375 1704 .

298 1731 513 1800 oexeludere.
561 1730 641 1796 hacc
671 1729 755 1797 inter
784 1730 872 1815 ipsos
899 1730 1086 1815 disceptata.
1135 1741 1293 1816 postremo
1312 1725 1376 1796 ωἶ

332 1830 522 1896 descensum
544 1841 607 1906 est,
634 1838 671 1894 ut
694 1851 735 1894 ex
761 1838 913 1911 quattuor
934 1826 1064 1892 urbanis
1090 1827 1240 1892 tribubus
1264 1845 1339 1892 unam
1359 1819 1375 1827 “

331 1926 439 2012 palam
456 1924 491 1990 in
508 1924 588 1990 atrio
604 1923 779 1990 Libertatis
797 1924 994 2000 sortirentur,
1011 1923 1045 1987 in
1062 1943 1161 2006 quam
1180 1945 1286 1989 omnes
1359 1981 1376 1994 .

298 2019 519 2087 escrvitutem
544 2018 715 2084 servissent
740 2018 908 2084 coicerent.
951 2016 1146 2102 Esquilinae
1174 2041 1243 2084 sors
1303 2014 1318 2032 '¹
1359 2087 1361 2097 ,

331 2113 367 2178 in
384 2136 423 2180 ea
440 2113 493 2179 Ti.
513 2109 680 2180 Gracchus
697 2112 917 2200 pronuntiavit
932 2112 1098 2178 libertinos
1116 2112 1222 2178 omnis
1240 2103 1339 2178 censui
1358 2185 1370 2190 s,

299 2228 313 2276 1
331 2209 468 2296 placere.
512 2231 631 2295 magno
649 2231 689 2275 ea
710 2232 761 2274 res
779 2208 893 2273 honori
910 2208 1095 2274 censoribus
1113 2219 1193 2295 aput
1215 2217 1339 2274 senatu!

330 2302 402 2368 fuit.
447 2303 568 2389 gratiae
596 2314 686 2369 actae
713 2314 745 2368 et
773 2302 978 2388 Sempronio,
1005 2301 1061 2386 qui
1087 2302 1122 2365 in
1144 2302 1228 2367 bene
1250 2307 1375 2386 coepb.

297 2416 313 2465 8
330 2409 579 2484 perseverasset,
607 2409 639 2464 et
663 2395 815 2474 Claudio,
843 2396 899 2482 qui
924 2418 989 2462 non
1014 2395 1200 2482 inpedisset.
1253 2396 1284 2483 pl
1360 2455 1376 2490 ι

331 2515 429 2577 quam
456 2494 497 2557 ab
524 2492 741 2578 superioribus
768 2504 800 2556 et
825 2501 940 2556 senatu
965 2490 1080 2556 remoti
1106 2501 1235 2556 suntet
1261 2505 1340 2574 equa
1360 2527 1375 2536 -

331 2588 470 2654 vendere
492 2587 582 2653 iussi.
627 2610 737 2652 omnes
759 2586 846 2652 idem
863 2585 906 2650 ab
923 2596 1060 2669 utroque
1078 2597 1111 2651 et
1132 2585 1219 2651 tribu
1236 2583 1338 2651 motisl

331 2683 434 2748 aerari
451 2682 538 2760 facti,
555 2704 661 2767 neque
678 2681 785 2759 ullius,
803 2702 901 2765 quem
919 2681 1000 2747 alter
1017 2691 1152 2759 notaret,
1173 2678 1244 2767 [ab]
1263 2680 1338 2746 utar

298 2777 437 2843 elevata
457 2776 642 2861 ignominia.
687 2776 885 2862 petentibus,
911 2787 948 2841 ut
975 2798 1016 2841 ex
1041 2776 1187 2842 instituto
1210 2777 1253 2841 ad
1276 2783 1338 2840 sarta
1370 2773 1375 2780 '

331 2882 416 2937 tecta
433 2872 593 2957 exigenda
610 2884 642 2936 et
659 2873 701 2936 ad
714 2894 812 2958 opera
824 2894 909 2955 quae
925 2872 1083 2936 locassent
1102 2872 1269 2957 probanda
1283 2863 1337 2936 md

331 2976 364 3031 et
381 2987 439 3031 sex
456 2988 602 3031 mensum
619 2976 745 3051 tempus
762 2976 998 3052 prorogaretur,
1017 2963 1079 3031 On.
1098 2966 1285 3032 Tremellius
1298 2959 1337 3028 us

331 3059 449 3138 bunus,
468 3059 544 3145 quia
560 3061 662 3127 lectus
680 3083 746 3126 non
764 3071 833 3126 erat
849 3060 884 3125 in
900 3071 1057 3138 senatum,
1075 3060 1262 3127 intercessit.

396 3153 524 3232 Eodem
540 3177 624 3220 anno
635 3152 674 3220 O.
686 3154 851 3221 Cicereius
869 3156 982 3221 aedem
998 3154 1153 3221 Monetae
1174 3154 1223 3242 [m
1238 3145 1335 3236 moult]
1360 3147 1362 3152 ’

329 3250 460 3316 Albano
479 3250 639 3317 dedicavit
655 3250 874 3335 quinquennio
890 3252 1091 3336 postquam
1109 3256 1208 3318 vovit.
1245 3252 1337 3316 mnu

329 3345 489 3410 Martialis
503 3346 713 3432 inauguratus
732 3356 781 3411 est
798 3368 837 3412 eo
856 3367 940 3412 anno
957 3345 999 3410 L.
1008 3346 1199 3413 Postumius
1209 3346 1342 3418 Alana

298 3459 312 3505 1
393 3440 492 3507 XVI.
520 3438 562 3522 Q.
585 3442 697 3519 Aelio,
722 3441 772 3506 Μ.
795 3441 889 3506 Ιιιιιίο
912 3441 1096 3506 consulibus
1124 3442 1165 3507 de
1192 3433 1336 3528 provinus

329 3533 541 3600 referentibus
563 3557 714 3601 censuere
737 3545 843 3622 patres
867 3535 947 3601 duas
968 3536 1151 3622 provincias
1169 3534 1335 3624 Hispanas

329 3652 440 3694 rursus
462 3628 547 3704 fieri,
570 3652 652 3714 quae
674 3654 741 3696 una
762 3654 820 3716 per
842 3631 963 3697 bellum
980 3631 1232 3697 Macedonicum
1249 3632 1336 3700 lueri,

296 3742 313 3790 a
331 3734 364 3789 et
385 3723 612 3791 Macedoniam
630 3725 859 3811 Illyricumque
882 3726 1028 3803 eosdem,
1046 3726 1088 3791 L.
1106 3726 1250 3793 Paulum
1271 3717 1337 3792 etls

330 3816 500 3893 Anicium,
524 3819 681 3904 optinere,
705 3820 808 3886 donec
825 3820 867 3886 de
884 3820 1041 3886 sententia
1063 3821 1246 3908 legatorum
1262 3819 1338 3886 read

330 3913 415 3979 bello
439 3913 583 3979 turbatas
601 3926 633 3982 et
652 3913 714 4002 [in]
741 3926 860 3982 statum
877 3916 977 3981 alium
994 3940 1036 3983 ex
1056 3939 1158 4003 regno
1181 3911 1339 3983 formarat

297 4027 312 4075 a
331 4008 583 4094 conposuissent
629 4010 813 4076 oonsulibus
829 4011 928 4077 Pisae
945 4021 978 4077 et
997 4009 1106 4076 Gallia
1124 4012 1272 4078 decretae
1287 4023 1339 4074 cu!

331 4104 414 4171 binis
443 4102 638 4190 [legionibus
664 4105 799 4189 quinum
823 4104 961 4191 milium]
989 4107 1135 4192 peditum
1162 4117 1196 4173 et
1223 4104 1341 4191 equitus

331 4198 633 4285 quadringenorum.
677 4212 862 4285 praetorum
879 4211 979 4267 sortes
997 4201 1103 4280 fuere,
1123 4200 1167 4283 Q.
1188 4199 1291 4268 Cassii
1305 4213 1343 4262 ur·

331 4292 430 4371 bana,
453 4294 515 4360 Μ’.
533 4295 662 4360 Iuventi
679 4294 824 4362 Thalnae
846 4295 930 4362 inter
946 4296 1149 4383 peregrinos,
1174 4297 1227 4363 Ti.
1248 4283 1344 4362 Claud
