3359 5092
360 533 421 599 156
579 543 697 598 masa
713 542 869 611 xxxxv,
887 542 912 596 s.
928 542 952 595 a.
972 540 1157 612 [aunem]
1383 509 1387 564 ⁴

358 717 451 769 nocte
468 702 573 767 media
591 724 665 766 cum
686 700 786 765 tribus
805 699 939 763 consciis
956 698 1054 785 fugae
1076 722 1136 785 per
1155 698 1305 786 posticum
1318 721 1352 764 se·

360 798 448 862 dium
456 796 490 860 in
502 795 690 882 propincum
700 794 847 859 cubiculo
860 793 998 869 hortum,
1016 804 1113 877 atque
1126 794 1200 859 inde
1213 795 1355 859 maceriam

326 916 341 962 s
360 913 456 976 aegre
473 901 689 975 transgressus
707 888 748 952 ad
772 910 860 952 mare
878 888 1030 972 pervenit.
1068 885 1238 953 Oroandes
1259 899 1356 952 tantun

360 981 546 1073 [moratus],
574 983 651 1047 dum
676 982 812 1069 pecunia
835 982 991 1058 defertur,
1007 982 1129 1067 'primis
1156 983 1292 1047 tenebris
1315 982 1357 1046 sol·

327 1102 341 1149 6
359 1089 450 1145 verat
466 1100 582 1143 navem
600 1100 638 1142 ac
655 1099 713 1162 per
731 1077 830 1141 altum
850 1073 981 1141 Cretam
998 1077 1138 1161 petebat.
1164 1076 1359 1161 postquamin

357 1184 454 1260 portu
471 1172 561 1235 navis
579 1192 644 1235 non
660 1171 791 1236 inventa
808 1180 867 1247 est,
885 1169 1171 1255 vagatusPerseus
1190 1170 1359 1254 aliquamdiu

358 1268 392 1331 in
409 1267 516 1342 litore,
539 1277 699 1352 postremo
721 1265 836 1329 timens
860 1264 965 1329 lucem
982 1264 1047 1327 iam
1064 1264 1359 1349 adpropinquantem,
1375 1215 1388 1370 i

359 1360 393 1424 in
410 1359 582 1444 hospitium
594 1359 697 1424 redire
710 1380 775 1422 non
789 1381 897 1434 ausus,
915 1357 949 1422 in
966 1359 1064 1423 latere
1083 1359 1194 1443 templi
1211 1381 1306 1444 prope
1321 1380 1359 1421 an·
1377 1373 1388 1398 ¹

328 1456 473 1541 tgulum
495 1454 668 1519 obscurum
689 1453 823 1518 delituit.
868 1454 960 1539 pueri
982 1453 1062 1539 regii
1085 1465 1164 1540 aput
1187 1405 1388 1554 Macedonul

360 1549 556 1614 vocabantur
576 1548 755 1634 principum
777 1548 870 1613 liberi
888 1549 929 1612 ad
947 1548 1158 1613 ministerium
1176 1548 1268 1613 electi
1283 1546 1359 1632 regis

361 1666 399 1708 ea
425 1642 537 1707 cohors
564 1654 731 1727 persecuta
757 1663 868 1727 regem
893 1642 1069 1727 fugientem
1095 1653 1230 1707 netum
1255 1642 1359 1725 quiden

360 1736 561 1811 abscedebat,
580 1735 680 1800 donec
696 1735 786 1799 iussu
796 1733 857 1800 Cn.
869 1732 986 1800 Octavi
1003 1736 1246 1821 pronuntiatum
1263 1748 1307 1801 est
1321 1754 1359 1819 pet

326 1854 341 1902 s
359 1851 559 1916 praeconem,
577 1829 681 1914 regios
698 1850 814 1913 pueros
823 1828 1083 1914 Macedonasque
1099 1830 1188 1908 alios,
1207 1829 1359 1914 quiSsmo·

360 1924 488 1989 thracae
505 1937 624 2001 essent,
643 1924 671 1988 si
688 1924 858 1989 transirent
875 1925 917 1988 ad
934 1926 1112 2003 Romanos,
1134 1926 1359 1991 incolumitatem

359 2016 601 2101 libertatemque
619 2030 652 2083 et
673 2041 732 2083 sua
749 2019 857 2083 omnia
874 2030 1069 2097 servaturos,
1097 2031 1153 2085 aut
1171 2041 1254 2104 quae
1276 2039 1359 2086 secun

327 2134 341 2181 9
359 2112 514 2178 haberent
530 2124 585 2178 aut
602 2113 635 2177 in
652 2114 846 2178 Macedonia
862 2115 1072 2198 reliquissent.
1109 2116 1151 2179 ad
1173 2115 1256 2180 hanc
1273 2133 1358 2179 vocem

360 2208 503 2273 transitio
521 2208 663 2272 omnium
680 2209 766 2273 facta
783 2220 841 2285 est,
860 2210 1051 2293 nominaque
1071 2209 1192 2274 dabant
1209 2210 1250 2274 ad
1266 2207 1301 2273 O.
1313 2207 1358 2272 Po

361 2302 511 2367 stumium
525 2302 688 2366 tribunum
704 2303 850 2367 militum.
877 2304 994 2368 liberos
1008 2325 1135 2387 quoque
1150 2326 1266 2390 parvos
1279 2301 1358 2387 regios

360 2396 421 2460 Ion
446 2394 738 2461 Thessalonicensis
766 2394 903 2461 Octavio
935 2398 1078 2475 tradidit,
1113 2420 1173 2463 nec
1206 2399 1357 2482 quisquam,

359 2501 485 2575 praeter
509 2489 697 2575 Philippum
722 2490 899 2554 maximum
923 2502 1000 2555 natu
1027 2514 1068 2556 ex
1093 2492 1182 2569 filiis,
1210 2513 1281 2556 cum
1304 2505 1357 2572 rege

311 2604 343 2653 ιο
360 2584 498 2648 relictus.
542 2595 611 2649 tum
628 2606 698 2650 sese
715 2584 880 2668 filiumque
901 2582 1038 2649 Octavio
1056 2585 1201 2659 tradidit,
1225 2586 1358 2650 fortunam

360 2678 515 2761 deosque,
532 2699 667 2762 quorum
684 2676 748 2766 [in]
768 2680 886 2764 templo
904 2689 1008 2757 erant,
1026 2680 1114 2744 nulla
1132 2701 1193 2766 ope
1211 2680 1358 2765 supplicem

311 2791 342 2839 11
360 2772 500 2836 iuvantis
522 2794 685 2838 accusans.
730 2775 765 2838 in
785 2774 978 2861 praetoriam
999 2798 1116 2840 navem
1138 2777 1248 2861 inponi
1269 2776 1357 2843 iussus

361 2865 474 2930 eodem
493 2877 526 2929 et
542 2867 678 2951 pecunia
695 2888 778 2950 quae
797 2868 954 2954 superfuit
967 2868 1072 2933 delata
1086 2881 1143 2946 est,
1162 2871 1356 2954 extemploque

245 2969 248 2974 '
313 2976 343 3024 12
362 2959 471 3023 classis
480 2959 700 3045 Amphipolim
714 2963 837 3048 repetit.
865 2962 939 3027 inde
950 2959 1105 3028 Octavius
1119 2965 1355 3051 regemincasm

361 3053 404 3117 ad
421 3055 583 3118 consulem
600 3054 685 3119 misit
701 3056 884 3141 praemissis
902 3056 1023 3135 litteris,
1042 3069 1078 3123 ut
1091 3058 1125 3122 in
1142 3070 1295 3143 potestate
1307 3071 1355 3119 eum

362 3170 432 3213 esse
450 3159 482 3212 et
499 3148 616 3213 adduci
633 3150 735 3214 sciret.

250 3316 253 3321 ,
330 3262 343 3308 1
427 3242 506 3308 VH.
538 3241 720 3309 Secundam
746 3266 818 3309 eam
838 3244 978 3324 Paulus,
1005 3246 1087 3310 sicut
1113 3259 1195 3322 erat,
1222 3243 1355 3311 victorin

361 3347 448 3400 ratus
463 3337 607 3401 victimas
621 3339 734 3403 cecidit
751 3361 788 3404 eo
806 3340 932 3418 nunti03
951 3352 984 3405 et
1001 3340 1130 3405 consilio
1147 3341 1297 3405 advocato
1313 3334 1356 3422 [lit

361 3427 459 3513 teras]
474 3432 628 3515 praetoris
643 3453 715 3496 cum
729 3434 902 3511 recitasset,
918 3432 960 3516 Q.
971 3434 1101 3501 Aelium
1111 3434 1309 3500 'lbrbcronem
1320 3427 1357 3492 ol

363 3522 447 3586 viam
469 3523 538 3609 regi
560 3524 660 3601 misit,
687 3538 809 3592 ceteros
832 3550 961 3593 manere
978 3529 1013 3592 in
1030 3530 1188 3614 praetorio
1213 3519 1356 3612 frequentis

330 3634 345 3682 2
363 3616 464 3680 iussit
498 3639 563 3681 non
585 3620 663 3684 alias
685 3621 727 3685 ad
747 3622 849 3685 ullum
871 3624 1087 3707 spectaculum
1110 3635 1200 3688 tanta
1218 3613 1357 3687 mdtitudo

363 3711 508 3776 occurrit.
534 3723 659 3797 patrum
678 3726 782 3780 aetate
797 3712 931 3801 Syphax
947 3740 1006 3782 rex
1023 3727 1135 3803 captus
1153 3718 1186 3781 in
1205 3730 1303 3783 castra
1314 3713 1359 3777 Rc

362 3827 459 3868 mana
475 3806 631 3872 adductus
649 3820 726 3884 erat,
744 3821 966 3894 praeterquam
984 3812 1069 3895 quod
1087 3833 1147 3876 nec
1160 3835 1220 3876 sua
1237 3834 1293 3877 nee
1304 3826 1359 3894 gen·

364 3899 404 3963 tis
425 3900 512 3965 fama
529 3904 776 3988 comparandus,
794 3906 1028 3971 tunc'accessio
1045 3904 1162 3970 Punici
1180 3906 1255 3971 belli
1273 3907 1360 3970 fuerat

330 3993 446 4058 ssicut
464 3993 602 4060 Gentius
620 3996 836 4075 Macedonici3
858 3998 998 4065 Perseus
1017 4011 1113 4084 caput
1131 4000 1205 4065 belli
1224 4011 1302 4076 erat,
1321 4010 1362 4058 nel

363 4087 463 4174 ipsius
481 4101 604 4155 tantum
621 4091 719 4176 patris
738 4092 853 4175 avique
872 4091 896 4179 [
908 4140 916 4157 .
926 4142 935 4158 .
945 4091 986 4177 .],
1005 4115 1085 4177 quos
1103 4095 1260 4179 sanguine
1278 4115 1312 4159 ao
1325 4108 1364 4174 ge*

363 4204 439 4248 nere
462 4184 680 4270 contingebat,
703 4184 788 4249 fama
811 4199 1016 4274 conspectum
1034 4209 1108 4253 eum
1131 4188 1302 4264 efficiebat,
1325 4176 1366 4247 sed

363 4274 561 4362 effulgebant
568 4278 738 4363 Philippus
752 4301 789 4344 ac
803 4303 939 4367 magnus
948 4282 1143 4360 Alexander,
1159 4281 1215 4367 qui
1229 4296 1367 4347 summum
