3359 5092
340 523 403 592 100
536 537 656 594 LIBER
672 535 848 606 XXXXIII,
868 535 967 591 15.16.
988 537 1026 604 [a
1036 533 1178 604 raom]

337 694 438 783 signis
455 717 570 762 census
588 695 706 772 docuit,
723 695 757 759 in
776 692 973 780 provinciam
992 692 1165 779 cogebant3
1184 713 1294 759 causas
1308 693 1349 760 sti·

304 815 319 862 8
338 791 451 878 pendis
461 786 631 877 [emeritis]
641 791 811 854 missorum
825 787 1063 873 cognoscebant
1076 798 1108 852 et
1122 787 1215 853 cuius
1229 787 1352 853 nondum

337 886 423 950 iusta
440 885 549 950 missio
567 884 637 948 visa
654 894 752 961 esset,
780 883 825 947 ita
846 882 896 947 ius
918 882 1090 947 iurandum
1113 881 1288 968 adigebant
1310 889 1354 949 ‘ex

337 980 385 1044 tui
403 980 502 1044 animi
519 978 686 1056 sententia,
704 989 739 1043 tu
758 1000 798 1043 ex
816 977 921 1043 edicto
938 974 977 1042 Ο.
988 973 1117 1053 Claudi,
1136 976 1188 1041 Ti.
1201 975 1356 1063 Semproni
1384 977 1389 1060 j

339 1095 507 1140 censorum
523 1075 557 1138 in
575 1073 772 1160 provinciam
790 1070 1018 1137 Macedoniam
1034 1070 1170 1148 redibis,
1198 1073 1286 1155 quod
1302 1072 1359 1136 sine

339 1168 412 1233 dolo
429 1168 514 1233 malo
532 1168 639 1233 iacere
656 1167 808 1252 poteris?’

306 1282 320 1331 1
402 1262 501 1328 XVI.
524 1261 734 1346 Inequitibus
749 1261 952 1327 recensendis
965 1261 1063 1325 tristis
1077 1260 1255 1326 admodum
1264 1283 1359 1328 eorum

305 1369 434 1443 ratque
458 1380 572 1443 aspera
596 1378 730 1422 censura
747 1355 823 1432 iuit3
846 1355 955 1419 multis
977 1375 1076 1438 equos
1095 1354 1294 1421 ademenmt.
1332 1355 1360 1422 in

342 1474 380 1517 ea
396 1474 432 1517 re
450 1474 524 1517 cum
542 1460 722 1535 equestrem
741 1450 885 1516 ordinem
903 1448 1125 1528 offendissent,
1143 1450 1306 1515 flammam
1320 1450 1359 1516 in·
1387 1451 1388 1456 ’

339 1546 444 1611 vidiae
462 1545 605 1611 adiecere
622 1545 737 1622 edicto,
754 1565 819 1628 qno
834 1544 1013 1620 edixerunt,
1030 1544 1158 1627 nequis
1178 1566 1299 1623 eorum,
1314 1541 1359 1629 qui
1384 1611 1388 1622 ,

340 1637 382 1721 Q
392 1638 517 1716 Fulvio
535 1639 669 1704 A.Post
656 1639 756 1703 tumio
775 1638 962 1704 censoribus
980 1637 1111 1723 publica
1127 1638 1300 1725 vectigalia
1315 1649 1359 1704 aut
1384 1633 1389 1672 ²

339 1734 424 1798 ultro
450 1732 569 1798 tributa
596 1733 836 1810 conduxissent,
864 1732 906 1798 ad
932 1732 1059 1797 hastam
1086 1754 1180 1797 suam
1207 1729 1388 1799 accederet*

306 1827 486 1896 asociusve
511 1838 568 1892 aut
594 1827 760 1892 adfinis
733 1850 801 1893 erus
829 1826 1050 1891 conductionis
1077 1838 1171 1892 esset.
1218 1849 1311 1913 saepe
1333 1801 1389 1890 ill

341 1921 503 2005 querendo
520 1932 644 1987 veteres
661 1920 825 2008 publicani
843 1943 917 1986 oum
934 1920 1105 2030 impetrare
1123 1921 1310 2005 nequissent
1325 1891 1388 1984 ab
1378 1959 1388 2054 p

341 2024 465 2090 senatu,
483 2025 520 2079 ut
535 2015 668 2080 modum
684 2016 836 2101 potestati
848 2016 1011 2080 censoriae
1025 2014 1226 2099 inponerent,
1245 2014 1388 2084 tandem

340 2108 504 2173 tribunum
516 2109 619 2194 plebis
629 2107 701 2196 [R]
710 2109 880 2186 Rutilium,
898 2133 939 2176 ex
952 2108 998 2174 rei
1012 2109 1155 2195 privatae
1171 2109 1359 2175 contentione

307 2226 324 2272 4
341 2202 459 2268 iratum
472 2202 668 2281 censoribus,
680 2214 977 2289 patronumcausae
989 2203 1098 2267 nancti
1113 2214 1197 2267 sunt.
1227 2203 1358 2269 clientem

341 2295 526 2362 libertinum
543 2296 697 2383 parietem
714 2299 748 2361 in
766 2317 857 2362 sacra
871 2298 924 2363 via
942 2297 1094 2364 adversus
1112 2297 1209 2362 aedes
1228 2297 1357 2383 publicar

308 2415 323 2462 5
342 2391 486 2457 demoliri
494 2392 662 2469 iusserant,
677 2392 763 2476 quod
772 2392 901 2478 pubhco
910 2391 1129 2457 inaedificatus
1144 2403 1239 2457 esset.
1266 2389 1358 2478 appol-
1373 2397 1389 2490 ‘l

340 2486 396 2550 lati
415 2510 435 2551 a
450 2487 575 2572 privato
592 2486 721 2552 tribuni.
754 2508 828 2551 cum
847 2498 973 2572 praeter
989 2486 1147 2552 Rutilium
1165 2509 1261 2552 nemo
1277 2487 1358 2550 inlar-

312 2601 315 2606 ·
342 2582 486 2659 cederet,
504 2604 652 2647 censores
670 2582 711 2647 ad
728 2582 864 2668 pignera
881 2582 1036 2668 capienda
1053 2582 1210 2647 miserunt
1227 2583 1358 2648 multam·

309 2697 323 2745 6
342 2696 405 2759 que
422 2698 481 2761 pro
499 2676 646 2741 contione
663 2677 788 2762 privato
807 2676 965 2741 dixerunt.
992 2676 1067 2741 hinc
1085 2679 1287 2744 contentione
1303 2685 1356 2742 ora

343 2793 417 2835 cum
451 2781 575 2837 veteres
611 2771 774 2858 publicani
810 2795 845 2837 se
881 2771 922 2836 ad
957 2770 1121 2835 tribunum
1157 2772 1356 2844 contulissent

310 2888 324 2933 ι
343 2864 467 2949 rogatio
488 2877 619 2951 repente
646 2866 707 2930 sub
729 2866 824 2932 unius
846 2866 966 2931 tribuni
991 2866 1119 2931 nomine
1141 2868 1356 2955 promulgatur,

342 2979 426 3042 quae
443 2959 572 3043 publica
593 2959 771 3046 vectigalia,
789 2962 873 3026 ultro
892 2960 1011 3025 tributa
1040 2957 1079 3025 0.
1099 2958 1258 3027 Claudius
1275 2973 1305 3027 et
1318 2955 1356 3022 li.

344 3050 553 3138 Sempronius
565 3054 733 3131 locassent,
752 3078 791 3121 ea
804 3067 874 3121 rata
891 3055 1062 3120 locatione
1076 3066 1176 3121 esset:
1195 3056 1239 3121 ab
1251 3056 1356 3140 integro

342 3148 538 3228 locarentur,
561 3160 594 3215 et
614 3160 653 3214 ut
669 3150 816 3215 omnibus
834 3150 1011 3216 redimendi
1028 3160 1061 3215 et
1083 3150 1285 3217 conducendi
1300 3167 1355 3237 pro·

310 3263 326 3313 8
343 3244 465 3310 miscus
486 3244 537 3309 ius
556 3255 648 3310 esset.
693 3245 779 3309 diem
798 3244 839 3309 ad
856 3245 1056 3331 rogationem
1074 3245 1210 3311 concilio
1229 3246 1355 3312 tribrmut

343 3340 446 3426 plebis
464 3341 554 3405 dixit.
589 3340 645 3424 qui
663 3351 834 3427 postquam
852 3340 955 3417 venit,
973 3350 1009 3405 ut
1027 3362 1174 3407 censores
1193 3343 1236 3406 ad
1254 3343 1356 3407 disms·

345 3432 487 3498 dandum
513 3445 750 3520 processerunt,
777 3432 927 3500 Graccho
954 3434 1079 3500 dicente
1111 3434 1274 3500 silentium
1298 3431 1355 3504 fior

347 3522 454 3613 [cum]
474 3523 611 3592 Claudio
628 3528 879 3615 obstreperetur,
901 3527 1097 3593 audientiam
1115 3528 1222 3593 iacere
1247 3544 1357 3616 praeco·

313 3640 328 3689 9
346 3644 421 3687 nem
437 3621 540 3686 iussit.
585 3645 623 3689 eo
646 3623 730 3688 iacto
755 3635 923 3689 avocatam
941 3648 961 3688 a
978 3646 1012 3688 se
1030 3623 1211 3689 contionem
1230 3624 1357 3689 rribma

346 3726 478 3799 questus
496 3717 578 3781 etin
596 3717 740 3782 ordinem
756 3740 791 3782 se
810 3729 967 3794 coactum,
985 3740 1026 3783 ex
1044 3714 1217 3802 Capitolio,
1236 3718 1292 3783 ubi
1308 3719 1358 3782 aul

297 3830 330 3879 ro
347 3810 528 3889 concilium,
546 3811 633 3876 abiit.
659 3824 788 3899 postero
802 3813 854 3879 die
872 3812 1010 3899 ingentis
1029 3813 1185 3876 tumultus
1205 3813 1297 3879 ciere.
1320 3803 1357 3873 u

348 3904 489 3972 Gracchi
506 3905 644 3991 primum
662 3907 747 3972 bona
764 3907 971 3985 consecravit,
989 3906 1076 3990 quod
1093 3905 1126 3969 in
1145 3908 1248 3972 multa
1264 3907 1359 3992 pigno·

297 4002 300 4007 ’
346 4001 500 4086 ribnsque
515 4000 593 4077 eius,
611 4001 667 4084 qui
684 4002 848 4067 tribunum
863 4002 1062 4088 appellasset,
1080 4000 1297 4067 intercessioni
1311 4015 1359 4063 non

297 4114 329 4161 11
348 4096 500 4182 parendo,
518 4117 552 4160 se
569 4095 604 4159 in
621 4095 764 4161 ordinem
782 4097 952 4184 coegisset3
972 4093 1011 4161 C.
1028 4093 1165 4161 Claudio
1185 4096 1271 4162 diem
1288 4090 1359 4163 dixi,

348 4191 435 4275 quod
453 4190 636 4256 contionem·
651 4190 692 4255 ab
716 4213 749 4256 se
768 4201 947 4269 avocasset,
971 4202 1002 4257 et
1019 4191 1146 4275 utrique
1164 4190 1288 4257 censori
1304 4205 1360 4273 per

349 4283 542 4352 duellionem
566 4309 600 4352 se
622 4285 764 4352 iudicare
789 4286 1006 4374 pronuntiavit
1029 4286 1179 4372 diemque
1202 4282 1360 4353 comitiis·
