3359 5092
348 520 392 588 86
578 531 697 588 nmen
713 530 872 601 xxxxn,
891 530 934 586 aa.
953 530 1144 602 [nassau

313 692 455 776 sitaque
482 689 705 756 dimittendum
729 685 837 773 Cotyn
859 686 901 754 ad
924 710 983 752 sua
1005 686 1125 752 tuenda
1142 698 1231 751 ratus
1248 685 1349 772 magnis

346 785 599 872 proficiscentem
623 783 714 849 donis
736 782 948 869 prosequitur.
1002 781 1139 848 ducenta
1166 781 1295 859 talenta,
1316 802 1351 845 se

346 891 462 946 mestre
477 878 680 965 stipendium,
689 876 844 962 equitatui
857 887 1014 955 numerat,
1028 898 1102 942 oum
1115 875 1220 962 primo
1233 897 1354 941 annuum

347 975 423 1041 dare
441 974 663 1040 constituisset.

313 1090 327 1137 6
412 1065 535 1134 Consul
551 1078 721 1154 postquam
739 1066 920 1151 profectum
935 1065 1057 1132 Persea
1073 1064 1208 1144 audivit,
1227 1066 1269 1131 ad
1284 1063 1356 1131 Gon·

346 1184 423 1229 num
445 1173 550 1228 castra
575 1172 696 1240 movet,
723 1162 750 1226 si
772 1161 867 1248 potiri
889 1160 1007 1247 oppido
1033 1170 1151 1247 posset.
1204 1171 1279 1226 ante
1302 1159 1358 1245 ipsa

346 1256 468 1343 Tempe
485 1256 520 1320 in
541 1255 689 1321 faucibus
712 1255 809 1320 situm
826 1254 1038 1321 Macedoniae
1056 1255 1196 1322 claustra
1217 1253 1359 1319 tutissima

345 1351 493 1437 praebet,
516 1350 598 1416 etin
615 1349 817 1415 Thessaliam
832 1360 1048 1435 opportunum
1065 1348 1301 1414 Macedonibus
1316 1348 1359 1414 de-

313 1466 326 1512 7
346 1467 485 1510 cursum.
530 1467 604 1511 oum
622 1455 654 1510 et
676 1445 747 1509 loco
766 1454 798 1510 et
815 1443 973 1529 praesidio
991 1443 1097 1508 valido
1114 1440 1359 1529 inexpugnabilis

347 1536 437 1626 [arx]
460 1549 557 1616 esset,
584 1538 709 1603 abstitit
726 1538 863 1623 incepto.
907 1538 941 1602 in
957 1535 1188 1603 Perrhaebiam
1209 1538 1300 1603 flexis
1319 1536 1359 1601 iti·

346 1633 475 1698 neribus
492 1632 636 1698 Malloea
657 1632 759 1718 primo
782 1632 904 1718 impetu
923 1643 1016 1718 capta
1033 1653 1072 1697 ac
1089 1632 1230 1717 direpta,
1253 1628 1360 1718 Tripoli

313 1744 328 1794 8
347 1726 472 1811 aliaque
486 1725 683 1792 Perrhaebia
699 1737 829 1812 recepta
841 1724 990 1791 Larisam
1007 1726 1111 1791 rediit.
1137 1726 1214 1791 inde
1229 1725 1360 1791 Eumene
1378 1747 1382 1808 j

347 1833 443 1904 atque
460 1822 572 1887 Attalo
594 1822 724 1887 domum
746 1820 887 1886 remissis
904 1821 1066 1907 Misageni
1089 1821 1304 1907 Numidisque
1321 1819 1359 1884 hi-
1380 1889 1382 1906 Ι

346 1916 446 1980 berna
462 1916 497 1982 in
512 1916 677 2002 proxumis
690 1914 854 1981 Thessalis
872 1915 1006 1980 urbibus
1024 1914 1185 1981 distribuit
1202 1927 1236 1982 et
1253 1926 1358 2002 partem
1377 1909 1383 1994 l

348 2010 504 2075 exercitus
519 2010 566 2075 ita
586 2032 644 2096 per
661 2018 761 2075 totam
777 2006 978 2074 Thessaliam
996 2008 1119 2087 divisit,
1137 2021 1175 2074 ut
1193 2022 1227 2075 et
1244 2010 1358 2075 hiberna
1378 2021 1382 2066 :

347 2103 515 2169 commoda
540 2126 650 2170 omnes
676 2104 889 2169 haberentet
914 2102 1073 2189 praesidio
1099 2104 1237 2169 urbibus
1261 2112 1357 2170 essent.

314 2214 328 2262 9
348 2195 391 2278 Q.
405 2197 552 2264 Mucium
569 2199 713 2285 legatum
730 2220 804 2264 oum
820 2198 946 2263 duobus
964 2197 1093 2263 milibus
1107 2198 1149 2264 ad
1168 2198 1359 2283 optinendam
1377 2245 1382 2276 .

346 2291 554 2357 Ambraciam
578 2293 679 2370 misit,
706 2290 906 2358 Graecarum
932 2291 1107 2357 civitatium
1134 2294 1240 2358 socios
1267 2311 1357 2358 omnes

346 2397 471 2472 praeter
487 2386 637 2453 Achaeos
655 2387 774 2451 dimisit
787 2386 908 2452 consul.
931 2407 1005 2451 cum
1019 2386 1178 2452 exercitus
1195 2400 1286 2474 parte
1301 2405 1358 2473 pro

346 2480 450 2547 fectus
475 2481 509 2546 in
530 2482 689 2547 Achaiam
711 2481 904 2560 Phthiotim,
930 2481 1080 2547 Pteleum
1107 2482 1272 2550 desertum
1296 2485 1357 2568 fuga

347 2574 579 2661 oppidanorum
611 2576 707 2641 diruit
733 2599 754 2641 a
778 2576 1008 2652 fundamentis,
1035 2577 1186 2643 Antrona
1212 2579 1356 2644 voluntate

297 2686 329 2734 10
346 2668 552 2736 incolentium
573 2670 702 2755 recepit.
747 2671 789 2734 ad
806 2669 955 2735 Larisam
980 2670 1094 2736 deinde
1117 2673 1295 2738 exercitum
1316 2668 1358 2736 ad·

346 2761 455 2825 movit.
478 2762 555 2825 urbs
574 2762 699 2828 deserta
716 2775 798 2841 erat3
815 2764 850 2827 iu
868 2785 974 2829 arcem
991 2764 1095 2829 omnis
1112 2766 1285 2831 multitudo
1301 2785 1357 2831 oon·

298 2873 328 2919 11
348 2865 485 2919 cesserat
491 2878 501 2931 ;
533 2876 604 2920 eam
637 2876 822 2943 oppugnare
854 2858 1049 2943 adgreditur.
1105 2858 1204 2944 primi
1236 2858 1356 2925 omniun

347 2946 554 3026 Macedones,
571 2949 698 3034 regium
714 2952 918 3035 praesidium,
936 2961 1024 3017 metu
1039 2965 1257 3033 excesserant3
1275 2949 1357 3038 aqui

346 3040 408 3107 bus
425 3042 527 3108 relicti
543 3044 695 3129 oppidani
711 3044 745 3109 in
764 3046 957 3111 deditionem
971 3045 1132 3131 extemplo
1147 3048 1291 3115 veniunt.
1314 3045 1356 3110 du-

347 3133 441 3201 bitari
458 3135 544 3215 inde,
562 3147 670 3202 utrum
688 3137 871 3205 Demetrias
889 3139 979 3225 prius
997 3140 1218 3225 adgredienda
1235 3143 1314 3208 foret
1326 3159 1355 3203 an

297 3247 328 3295 12
345 3231 379 3294 in
406 3231 541 3297 Boeotia
568 3232 769 3318 aspiciendae
795 3255 855 3297 res.
908 3232 1072 3311 Thebani,
1101 3237 1294 3302 vexantibus
1316 3249 1354 3298 cot

348 3322 538 3402 Coronaeis,
564 3326 599 3394 in
616 3326 785 3391 Boeotiam
802 3324 1016 3392 arcessebant.
1061 3327 1103 3392 ad
1121 3327 1238 3394 horum
1255 3345 1353 3416 ρτωϋι

348 3417 424 3501 quia
441 3416 580 3483 hibernis
599 3420 701 3504 aptior
719 3420 807 3506 regio
825 3441 924 3504 quam
936 3420 1108 3506 Magnesia
1126 3434 1207 3501 erat,
1224 3424 1260 3488 in
1272 3423 1353 3488 Boe

348 3510 426 3576 tiam
444 3511 545 3576 duxit.
879 3547 883 3554 ·
