3359 5092
591 520 999 604 annumeramus
1241 528 1309 604 225,

285 708 328 745 tuo
337 687 499 761 gurgitibus
508 684 630 753 imbutis,
643 682 821 765 corporisque
831 681 948 763 iacentis
956 682 1090 752 pestifero
1101 681 1208 762 adflatu
1215 680 1308 735 vicina

285 760 394 831 egione
408 756 530 827 polluta,
547 752 676 808 Romana
689 752 754 807 mdc
772 768 952 806 summovisse
970 757 1071 831 castra
1107 751 1194 805 adscit
1206 750 1307 804 beluae

285 828 384 951 gilii
397 830 511 881 centum
519 829 549 879 et
560 822 661 894 viginti
672 822 776 893 pedum
789 820 819 875 in
832 819 930 875 urbem
942 837 1066 875 missum.
1106 820 1163 875 Vel.
1172 820 1248 874 Mea
1257 818 1307 873 18ὁ

660 980 928 1022 ⁸n113.s.s.e.xvu11.

327 1048 378 1170 1012
393 1045 484 1101 Tertii
493 1045 552 1100 ludi
562 1045 722 1117 (saeculares
731 1044 906 1119 sc.)fuerunt,
916 1044 1032 1099 Antiate
1040 1043 1179 1114 Livioque
1189 1043 1308 1098 auctori-

285 1136 337 1186 >us,
381 1157 387 1169 .
398 1114 518 1171 Claudio
530 1114 661 1184 Pulchro,
676 1113 711 1168 1..
722 1113 805 1169 Iunio
813 1114 898 1169 Pullo
911 1114 1072 1169 consulibus
1084 1132 1115 1158 ⁸·
1131 1116 1264 1169 Cenem
1278 1116 1310 1167 do

285 1190 316 1240 lie
325 1196 381 1239 aar.
391 1202 415 1239 c.
424 1185 458 1238 17
463 1201 493 1253 p.
502 1184 545 1248 47,
557 1184 656 1238 lIuia.

330 1255 377 1324 11)
458 1269 524 1305 nam
532 1252 653 1307 Romani
660 1251 745 1306 moris
753 1250 1012 1307 fuitetincomitiis
1096 1250 1139 1306 dis
1148 1250 1214 1306 etin
1227 1250 1309 1305 bellis

285 1322 411 1394 gerendis
424 1320 547 1391 pullaria
560 1337 596 1375 ca
615 1326 708 1375 tarsa
784 1320 819 1375 'a.
854 1321 929 1375 unde
942 1320 1028 1375 estin
1063 1320 1127 1389 irio,
1142 1320 1230 1390 quod,
1245 1337 1309 1373 cum

285 1392 393 1461 puidam
409 1390 527 1469 cupidus
545 1389 580 1443 be
606 1389 611 1401 '
631 1406 718 1460 geren
738 1407 749 1442 1
763 1406 781 1443 a
793 1388 905 1444 tribuno
922 1389 1014 1459 plebis
1028 1394 1177 1457 arceretur,
1196 1406 1233 1443 ne
1246 1388 1307 1457 iret,

285 1460 371 1528 pullos
384 1459 465 1512 iussit
478 1456 590 1512 adferri.
627 1457 674 1527 qui
687 1474 751 1512 cum
760 1457 860 1512 missas
872 1474 930 1512 non
939 1459 1055 1513 ederent
1067 1457 1171 1529 fruges,
1191 1456 1309 1511 irridens

285 1528 377 1581 consul
394 1525 542 1598 augurium
560 1526 602 1581 ait
620 1526 679 1581 ‘vel
691 1525 802 1581 bibant’
816 1532 847 1581 et
859 1543 907 1582 eos
920 1526 951 1581 in
964 1526 1091 1583 Tiberim
1104 1526 1307 1596 praecipitavit.

285 1596 345 1652 inde
357 1595 477 1649 navibus
486 1595 524 1648 ad
532 1594 659 1649 Africam
672 1595 790 1650 tendens
798 1594 910 1650 inmari
918 1612 982 1649 cum
990 1595 1127 1665 omnibus,
1146 1611 1216 1665 quos
1225 1594 1309 1650 duce·

285 1664 341 1733 bat,
359 1665 498 1719 extinctus
506 1668 558 1719 est.
592 1666 712 1718 Sernud
725 1662 1016 1733 Verqu.Aea.VIl98.

675 1766 760 1820 [³L1B.
771 1779 791 1808 a.
802 1779 824 1809 ιι.
835 1778 855 1808 e.
864 1768 911 1809 XX.
994 1789 997 1796 ·

331 1838 358 1908 a)
377 1836 407 1891 C.
418 1834 539 1890 Manlius
550 1834 637 1917 (immo
647 1834 678 1889 O.
688 1834 842 1907 Mamilius)
852 1839 881 1890 et
890 1834 1067 1899 Q.Valerius.
1086 1836 1139 1891 His
1149 1836 1309 1892 consulibus

285 1906 351 1961 ludis
368 1906 503 1961 Romanis
520 1920 640 1974 primum
656 1904 804 1975 tragoedia
822 1908 852 1958 et
868 1905 1014 1960 comoedia
1030 1922 1049 1960 a
1065 1905 1155 1961 Lucio
1172 1906 1254 1961 Livio
1272 1906 1310 1961 ad

285 1991 410 2030 rcaenam
420 1976 495 2029 data.
535 1974 650 2029 Cassiod
660 1974 748 2027 corso.
760 1990 784 2027 a.
794 1991 820 2027 a.
830 1972 883 2028 515
897 1973 975 2028 Varr.

332 2045 356 2115 b)
374 2043 413 2097 M.
423 2041 561 2098 Aemilius
576 2048 605 2097 et
617 2042 656 2095 M.
665 2042 772 2097 Iunius.
807 2041 861 2096 His
874 2042 1036 2097 consulibus
1045 2041 1193 2097 Hamilcar
1200 2041 1308 2097 Hanni·

285 2107 351 2165 baiis
368 2118 450 2183 pater
463 2111 492 2165 in
505 2110 646 2181 Hispania
658 2110 765 2165 bellum
776 2109 912 2165 Romanis
929 2128 1034 2181 parans
1051 2112 1158 2166 occisus
1177 2116 1227 2166 est.
1263 2112 1310 2165 hic

285 2181 375 2234 solitus
384 2181 486 2248 dicere,
506 2185 638 2249 quattuor
645 2177 720 2233 filios
729 2184 827 2233 contra
833 2179 970 2301 {opulum
977 2178 1136 2234 Romanum
1144 2180 1222 2235 velut
1230 2186 1309 2235 catu-

285 2243 322 2302 los
331 2254 384 2316 [se]
396 2250 526 2303 educare.
563 2249 680 2303 Caeso.
690 2250 708 2301 l.
718 2250 735 2301 l.
746 2265 771 2301 a.
780 2248 834 2302 ab
851 2248 877 2302 4.

331 2318 355 2389 c)
372 2318 405 2371 L.
415 2316 549 2372 Veturius
559 2321 588 2372 et
598 2315 628 2371 0.
638 2315 778 2370 Lutatius.
814 2315 1038 2371 Hisconsulibus
1046 2315 1310 2371 viaFlaminiamu·

285 2384 375 2442 nitaet
384 2386 474 2440 circus
483 2384 575 2442 factus
585 2385 633 2454 qui
641 2383 796 2438 Flaminius
806 2385 974 2456 appellatur.
989 2386 1111 2455 ,Omsiod
1121 2388 1139 2439 l.
1148 2388 1167 2438 l.
1173 2403 1197 2438 α.
1204 2404 1228 2438 u.
1234 2385 1308 2453 534]

656 2489 713 2531 ms.
722 2500 742 2530 a.
752 2501 775 2531 ιι.
786 2500 805 2532 c.
815 2489 929 2530 Xl-XX.

330 2556 374 2628 12)
391 2555 448 2610 Dic
461 2554 541 2624 mihi,
559 2571 622 2610 cum
636 2572 722 2625 saepe
734 2571 851 2611 numero
863 2554 894 2609 in
906 2554 1040 2610 Romanis
1052 2554 1174 2610 historiis
1189 2556 1308 2629 legatur,

287 2618 358 2679 Livio
377 2628 505 2693 auctore,
524 2623 687 2694 saepissime
703 2624 734 2678 in
749 2623 803 2679 bac
820 2623 891 2679 urbe
908 2629 1004 2679 exorta
1019 2624 1182 2696 pestilentia
1199 2624 1310 2680 infinita

286 2686 420 2747 hominum
428 2692 507 2747 milia
516 2691 668 2773 deperiisse
678 2697 763 2816 atlssoe
772 2709 806 2749 eo
814 2692 976 2763 frequenter
984 2698 1106 2762 ventum,
1125 2697 1158 2748 ut
1169 2693 1216 2747 rix
1225 2700 1307 2763 esset,

289 2761 352 2817 nde
368 2761 425 2815 illis
443 2760 585 2815 bellicosis
602 2766 721 2832 temporr
741 2779 775 2815 us
793 2762 929 2816 exercitus
947 2761 1086 2833 potuisset
1104 2762 1239 2832 adscribi,
1257 2762 1309 2817 illo

289 2831 401 2900 tempore
417 2830 470 2884 deo
483 2834 532 2884 tuo
541 2829 696 2885 Februario
709 2830 822 2886 minime
835 2830 991 2886 litabatur?
1008 2848 1046 2886 au
1059 2830 1145 2887 etiam
1158 2831 1250 2886 cultus
1262 2831 1310 2885 bic

288 2899 389 2953 omnino
399 2898 471 2953 nibil
479 2898 689 2967 proderatlillo
698 2903 823 2969 tempore
829 2897 1000 2969 Lupercalia
1008 2916 1066 2954 non
1075 2897 1309 2955 celebrabantur?

289 2979 331 3021 nec
340 2967 415 3022 enim
429 2966 553 3021 dicturus
562 2983 602 3036 es,
620 2967 692 3023 haec
705 2984 786 3022 sacra
800 2966 954 3022 adhucillo
968 2972 1093 3039 tempore
1105 2985 1163 3023 non
1173 2985 1222 3024 coe
1243 2969 1308 3037 isse,

288 3048 351 3156 Euae
374 3042 441 3092 ante
458 3034 609 3089 Romulum
631 3036 668 3091 ab
684 3035 818 3091 Euandro
836 3036 866 3090 in
883 3035 997 3091 Italiam
1017 3036 1201 3107 perhibentur
1217 2987 1308 3091 illata.

307 3104 448 3175 upercalia
461 3109 554 3159 autem
567 3110 683 3175 propter
696 3104 763 3176 quid
780 3104 911 3160 instituta
924 3110 1001 3174 sunt,
1021 3110 1156 3176 quantum
1169 3105 1207 3158 ad
1220 3104 1309 3174 ipsius

287 3172 484 3245 superstitionis
493 3179 650 3228 commenta
661 3190 707 3228 res
728 3177 831 3242 ectant,
849 3172 947 3227 Livius
961 3174 1085 3228 secunda
1097 3172 1204 3227 decade
1219 3172 1308 3243 loqui·

287 3245 331 3312 tur,
343 3259 398 3299 nec
406 3245 523 3322 propter
529 3241 640 3296 morbos
649 3190 816 3297 inhibendos
824 3242 954 3296 instituta
963 3246 1170 3308 commemorat,
1185 3241 1236 3295 sed
1244 3256 1308 3310 pro·

285 3301 339 3379 lter
356 3310 548 3378 sterilitatem,
566 3314 600 3364 ut
615 3310 643 3365 ei
659 3309 781 3379 videtur,
800 3310 961 3379 mulierum,
1000 3326 1053 3365 uae
1071 3314 1138 3363 tunc
1156 3308 1307 3379 acciderat,

285 3380 485 3435 exsolvendam.
521 3380 937 3449 Gelasiipupueeprstudversus
1023 3379 1308 3449 omueliumap.Baro-

285 3450 347 3501 nium
357 3449 450 3502 eund.
461 3448 549 3502 eccles.
559 3449 602 3501 ad.
612 3465 637 3502 a.
649 3462 798 3506 ccccxcvi
807 3466 878 3501 aum.
888 3463 982 3501 xxxv.

636 3547 751 3603 Philas
761 3562 784 3593 u.
795 3562 814 3593 c.
824 3552 953 3594 xxxxvll.

326 3598 415 3689 epm.
424 3616 562 3671 Aemilius
577 3621 606 3673 et
614 3616 646 3673 O.
655 3618 802 3688 Popillius.
836 3618 891 3673 His
904 3616 1064 3673 consulibus
1078 3618 1196 3675 metella
1208 3618 1239 3673 in
1248 3617 1308 3673 Ma·

285 3685 396 3741 tedonia
404 3685 543 3739 instituta.
580 3687 697 3741 Cassiod.
707 3690 725 3740 l.
735 3690 753 3742 l.
764 3705 788 3741 α.
797 3706 824 3740 u.
834 3687 895 3741 696.

326 3756 353 3835 a)
372 3753 407 3817 Q.
417 3753 534 3807 Fulvius
547 3759 576 3809 et
584 3754 618 3807 P.
627 3754 745 3809 Annius.
788 3754 828 3809 Hi
845 3754 927 3826 primi
945 3755 1073 3811 consules
1091 3756 1151 3811 kal.
1169 3754 1309 3811 Ianuariis

285 3826 479 3946 alagrstrazotuffi
482 3822 605 3877 inierunt
612 3828 728 3894 propter
736 3823 860 3878 subitum
868 3823 1037 3880 Celtiberiae
1046 3825 1161 3881 bellum.
1190 3826 1307 3879 Cassiod.

285 3932 292 3945 .
313 3909 357 3946 .u.
367 3910 394 3945 a.
458 3929 466 3944 .

633 3977 740 4021 'lama
750 3979 960 4022 summm.

326 4045 376 4119 13)
393 4043 440 4100 De
449 4050 610 4115 quartorum
623 4045 752 4101 ludorum
762 4045 952 4169 {eremitorium
960 4047 1010 4121 se.)
1021 4064 1094 4103 anno
1104 4049 1140 4103 tri
1160 4048 1206 4103 lex
1214 4048 1308 4117 opinio

285 4119 326 4169 ut.
362 4112 467 4168 Antias
480 4114 556 4169 enim
569 4120 599 4169 et
611 4114 703 4169 Varro
720 4121 750 4170 et

285 4182 383 4238 darcio
398 4180 561 4252 Censorino,
580 4181 626 4237 Μ’.
636 4182 752 4238 Manilio
766 4184 935 4255 consulibus,
954 4190 1019 4265 post
1032 4185 1152 4240 Romam
1166 4184 1308 4239 conditam

285 4269 351 4307 inno
369 4251 569 4306 sescentesimo
588 4251 698 4323 quinto,
717 4256 749 4306 at
765 4252 832 4307 Piso
848 4251 997 4309 Censorius
1016 4260 1045 4308 et
1062 4253 1112 4308 Cn.
1132 4252 1242 4309 Gellius
1259 4264 1306 4309 etc.

285 4322 414 4377 leiserio.
423 4315 569 4375 dedicant.
578 4334 602 4375 c.
611 4320 645 4376 17
650 4337 680 4392 p.
689 4320 734 4390 48,
743 4321 761 4376 2
769 4323 846 4377 ΙαΙυι.
1082 4323 1086 4330 '

326 4407 375 4450 biri
387 4408 429 4449 sol.
439 4406 476 4449 IV.
1131 4410 1165 4464 15

789 4115 860 4169 irius
873 4116 978 4171 relatos
997 4132 1059 4172 esse
1076 4134 1127 4187 pro
1148 4118 1261 4171 iderunt
1273 4115 1307 4171 L.
