3359 5092
440 552 1060 624 nmmxxxmm,1a1c[a.c.1aa]
1203 541 1267 608 119

271 711 376 788 uenia,
403 732 469 795 qua
493 710 634 796 suspecti
660 710 765 776 aditus
793 720 898 788 erant,
925 733 1079 796 spemque
1106 713 1265 800 extemplo

271 806 425 883 ciderunt,
442 804 515 890 capi
532 805 634 890 primo
648 805 770 891 impetu
786 826 892 890 posse.
920 805 1043 870 obsidio
1057 806 1156 893 igitur
1171 829 1265 892 para-
1282 829 1299 874 4

271 914 339 979 tur,
359 912 392 965 et
410 922 507 984 opera
518 897 590 984 [ad]
600 900 873 986 oppugnationem
890 899 959 964 fieri
977 912 1099 986 coepta
1126 901 1265 968 Perseus

271 1020 308 1060 m
326 994 470 1060 audisset
486 994 582 1059 simul
598 993 795 1058 Meliboeam
813 1015 833 1057 a
851 994 989 1058 consulis
1004 994 1146 1061 exercitu
1164 1017 1266 1082 oppu-

271 1089 342 1168 tari,
361 1088 458 1153 simul
477 1088 612 1153 classem
628 1087 710 1152 Iolci
727 1098 826 1163 stare,
849 1086 912 1173 [ut]
932 1088 1007 1155 inde
1024 1088 1265 1156 Demetriadem

271 1183 479 1271 graderetur,
505 1181 751 1268 Euphranorem
776 1182 939 1265 quendam
965 1205 1006 1248 ex
1032 1182 1168 1249 ducibus
1190 1207 1265 1250 cum

271 1278 368 1345 lectis
387 1276 513 1342 duobus
530 1275 659 1341 milibus
676 1276 873 1342 Meliboeam
892 1276 997 1342 mittit
1043 1277 1147 1344 eidem
1164 1277 1265 1365 imps-
1283 1299 1299 1346 5

271 1387 356 1450 tum,
384 1383 422 1436 ut
438 1371 466 1436 si
483 1393 503 1435 a
519 1370 683 1436 Meliboea
704 1369 929 1436 summovisset
945 1370 1122 1450 Romanos,
1145 1372 1266 1439 Deme-

271 1468 372 1533 adem
393 1466 481 1553 prius
499 1466 624 1531 occulto
642 1464 754 1531 itinera
771 1465 916 1542 intraret,
944 1487 1041 1549 quam
1059 1467 1101 1532 ab
1118 1467 1207 1533 Iolco
1225 1467 1267 1531 ad

271 1564 347 1629 bem
371 1572 476 1627 castra
497 1571 663 1626 moverent
680 1560 827 1626 Romani.
873 1571 906 1626 et
927 1560 968 1625 ab
990 1561 1265 1649 oppugnatoribus
1284 1580 1299 1629 6

271 1656 429 1732 [eliboeaa
447 1678 522 1721 cum
538 1655 572 1719 in
586 1655 803 1741 superioribus
820 1655 899 1721 locis
913 1669 1044 1742 repente
1057 1657 1265 1743 apparuisset,

271 1775 310 1816 un
327 1749 541 1835 trepidatione
564 1750 665 1814 multa
681 1750 792 1815 relicta
809 1772 907 1836 opera
929 1762 1003 1816 sunt
1021 1748 1199 1838 [ignisque]
1217 1752 1267 1816 in·

271 1859 347 1911 ctus.
375 1845 422 1909 ita
439 1868 459 1909 a
475 1843 640 1910 Meliboea
657 1844 840 1909 abscessum
858 1855 915 1910 est.
951 1844 1145 1931 Euphranor
1162 1846 1266 1910 soluta
1285 1864 1298 1910 7

271 1940 330 2004 rius
343 1937 436 2003 urbis
449 1937 614 2002 obsidione
623 1936 864 2003 Demetriadem
878 1938 1038 2024 extemplo
1049 1938 1146 2003 ducit
1171 1948 1266 2005 nocte

271 2034 362 2099 cenia
388 2032 497 2119 [intrat
519 2044 704 2117 tantamque
722 2033 872 2098 fiduciam
890 2033 1102 2099 incolentibus
1120 2033 1211 2112 facit,
1229 2045 1267 2098 ut

271 2150 302 2194 m
317 2124 461 2213 moenia]
479 2126 585 2204 moda,
603 2127 661 2192 sed
678 2149 773 2213 agros
791 2127 888 2192 etiam
906 2126 1102 2193 confiderent
1119 2149 1153 2193 se
1171 2151 1191 2192 a
1207 2150 1266 2215 po-

271 2222 454 2288 dationibus
468 2221 551 2286 tueri
567 2242 661 2306 posse
666 2245 675 2299 3
694 2232 726 2286 et
740 2222 922 2307 eruptiones
933 2222 968 2286 in
980 2243 1080 2308 vagos
1097 2222 1266 2308 populato-

271 2338 370 2382 anon
388 2316 456 2381 sine
474 2315 656 2381 volneribus
674 2315 815 2381 hostium
832 2316 937 2382 factae
950 2327 1035 2381 sunt
1062 2316 1299 2383 circumvectis

271 2435 343 2478 ouen
360 2412 488 2477 moenia
510 2423 584 2477 sunt
604 2422 733 2497 praetor
750 2423 782 2477 et
803 2434 877 2489 rex,
904 2412 1000 2477 situm
1018 2410 1107 2476 urbis
1125 2422 1266 2477 contem·

271 2505 375 2584 lantes,
398 2507 425 2570 ai
443 2527 508 2590 qua
528 2517 619 2592 parta
637 2517 792 2591 temptare
809 2517 866 2571 aut
883 2528 979 2591 opere
997 2519 1053 2570 aut
1069 2506 1101 2570 vi
1123 2517 1263 2592 possent

271 2624 324 2666 una
340 2602 403 2666 fult
419 2623 477 2686 per
494 2598 676 2687 Cydantem
695 2598 884 2667 Cretensem
901 2612 933 2667 et
949 2600 1191 2679 Antimachum,
1209 2600 1265 2685 qui
1283 2619 1298 2666 a

271 2694 437 2762 temetriadi
458 2707 618 2782 praeerat,
642 2707 791 2761 tractatas
808 2693 891 2760 inter
907 2693 1077 2761 Eumenen
1095 2706 1128 2761 et
1143 2695 1266 2761 Persea

271 2790 440 2856 audiciones
462 2790 630 2855 amicitiae.
674 2790 716 2854 ab
738 2789 947 2855 Demetriade
970 2801 1055 2855 certe
1081 2790 1266 2856 abscessum

271 2896 298 2950 rt.
341 2883 506 2950 Eumenes
534 2885 576 2949 ad
602 2884 767 2950 consulem
792 2884 939 2969 navigat3
973 2885 1153 2971 gratulatus
1179 2884 1267 2971 quod
1285 2903 1318 2950 10

271 3001 389 3067 rospere
411 2979 638 3045 Macedoniam
659 2979 822 3057 intrasset,
848 2978 1046 3066 Pergamum
1071 2980 1105 3044 in
1130 3001 1267 3065 regnum

271 3075 315 3140 rit.
358 3074 504 3140 Marcius
525 3074 662 3161 Figulus
683 3086 813 3161 praetor
833 3086 924 3161 parte
945 3074 1055 3139 classis
1076 3074 1109 3138 in
1132 3074 1266 3140 hiberna
1286 3090 1315 3136 11

271 3169 408 3234 ciathum
431 3169 529 3233 missa
555 3191 629 3234 cum
654 3169 784 3254 reliquis
810 3169 947 3234 navibus
970 3166 1095 3233 Oreum
1112 3166 1266 3233 Euboeae

271 3263 326 3341 stit,
344 3286 416 3329 eam
433 3263 546 3329 urbem
559 3263 756 3349 aptissimam
772 3275 872 3341 ratus,
890 3264 976 3329 unde
990 3261 1193 3339 exercitibus,
1210 3262 1267 3345 qui

271 3356 483 3423 [Macedonia
504 3357 623 3441 quique
644 3357 680 3423 in
696 3357 863 3423 Thessalia
881 3368 985 3434 erant,
1008 3356 1091 3421 mitti
1108 3377 1267 3421 commea-

271 3475 292 3518 ιε
306 3463 448 3540 possent.
492 3453 533 3517 de
550 3452 696 3518 Eumene
713 3475 790 3539 rege
806 3453 904 3539 longe
922 3452 1048 3517 diversa
1064 3451 1204 3518 uadunt.
1240 3450 1267 3516 si
1286 3466 1317 3513 12

271 3548 369 3614 'alerio
386 3547 512 3613 Antiati
529 3549 651 3626 credas,
668 3569 729 3614 nec
747 3549 848 3614 classe
866 3547 1011 3612 adiutum
1028 3546 1071 3611 ab
1084 3567 1123 3612 eo
1140 3557 1267 3633 praeto-

271 3665 307 3708 uu
324 3665 412 3720 esse,
429 3663 504 3707 cum
522 3665 618 3728 saepe
637 3665 711 3708 eum
728 3643 841 3708 litteris
859 3641 1057 3717 accersisset,
1079 3641 1189 3717 tradit,
1207 3662 1267 3706 nec

271 3759 313 3802 rm
330 3734 436 3824 gratia
454 3736 495 3801 ab
512 3738 643 3803 consule
660 3737 840 3823 profectum
857 3736 891 3801 in
908 3736 1036 3813 Asiam,
1054 3736 1266 3822 indignatum,

271 3831 326 3898 uod
353 3842 390 3895 ut
415 3830 518 3897 ladem
544 3832 655 3898 castris
682 3832 827 3897 tenderet
852 3830 1043 3917 permissum
1068 3853 1133 3896 non
1159 3828 1265 3895 flierit.

271 3947 283 3992 a
305 3938 344 3991 ut
368 3924 495 4009 equites
521 3926 651 4009 quidem
677 3924 805 4002 Gallos,
839 3946 919 4010 quos
945 3946 1055 3991 secum
1079 3924 1265 3999 adduxerat,
1286 3939 1318 3986 1³

271 4019 449 4106 dinquerat,
474 4021 638 4107 impetrari
655 4022 697 4086 ab
720 4042 759 4087 eo
775 4019 927 4105 potuisse.
970 4018 1118 4084 Attalum
1135 4018 1267 4082 fratrem

271 4137 309 4180 us
325 4125 360 4181 et
375 4115 566 4181 remansisse
583 4126 662 4202 aput
676 4114 849 4191 consulem,
868 4123 901 4180 et
919 4114 1075 4179 sinceram
1089 4113 1156 4177 eius
1169 4110 1267 4175 fidem

271 4209 369 4294 squali
386 4221 497 4274 tenore
514 4210 742 4296 egregiamque
759 4231 890 4296 operam
905 4208 939 4274 in
958 4230 996 4274 eo
1014 4207 1098 4272 bello
1112 4205 1221 4271 fuisse.

305 4303 426 4370 xlm.
458 4302 550 4369 Dum
575 4304 695 4371 bellum
724 4303 759 4369 in
783 4300 978 4370 Macedonia
1003 4301 1138 4388 geritur,
1168 4300 1300 4386 legatis

1255 4415 1398 4529 f
