3359 5092
410 513 631 615 ammonis
648 552 853 612 nmaonun
869 553 975 612 xum.
993 554 1116 614 mvn.
1218 545 1280 611 197

283 1176 538 1246 LIBRORUM
555 1174 944 1245 Xerl-CXXXXII
961 1176 1247 1246 PERIOCHAE.

671 1384 774 1424 axam
783 1384 861 1425 XLVI.

298 1452 444 1506 Eumenes
465 1467 513 1505 rcx
534 1449 652 1504 Romam
674 1450 763 1520 venit,
787 1450 835 1520 qui
857 1450 1042 1507 Macedonico
1063 1451 1140 1507 bello
1160 1452 1282 1507 medium

283 1527 357 1577 erat.
386 1536 423 1574 ne
439 1525 487 1573 aut
504 1519 592 1573 hostis
610 1518 749 1573 iudicatus
766 1520 921 1589 videretur,
940 1520 964 1573 si
982 1520 1109 1576 exclusus
1128 1527 1213 1590 esset,
1234 1528 1283 1576 aut

283 1595 387 1671 »eratus
402 1589 533 1667 crimine,
545 1588 568 1640 si
584 1587 791 1681 admitteretur,
805 1588 835 1669 in
845 1604 990 1644 commune
1000 1589 1112 1655 lexlata
1122 1595 1177 1659 est,
1192 1607 1229 1670 ne
1238 1591 1282 1644 cui

283 1656 1156 1799 albstan?tttttmddttttftlgt“ttgtl
1163 1659 1283 1783 tells}

283 1796 323 1869 gis
333 1794 431 1866 questi
440 1799 506 1848 aunt
514 1795 548 1848 de
558 1794 693 1864 Eumene,
704 1796 779 1865 quod
787 1793 860 1850 fines
868 1811 933 1849 suos
941 1796 1124 1867 popularetur
1143 1797 1282 1851 dixerunt

283 1882 301 1920 e
320 1882 388 1919 eum
402 1880 470 1917 cons
491 1863 577 1917 irasse
592 1880 653 1917 cum
668 1864 809 1918 Antiocho
823 1864 955 1919 adversus
1006 1866 1104 1935 pulum
1160 1882 1281 1920 manum.

283 1934 371 1989 cletas
381 1949 447 1987 cum
482 1930 564 1985 hodis
573 1932 789 2002 deprecantibus
796 1933 894 1988 iuncta
906 1939 958 1989 est
979 1935 1283 1990 ustrumacensoribus

283 2004 394 2057 aditum
405 2006 462 2055 est:
475 2017 560 2055 censa
569 2006 635 2055 sunt
643 2000 743 2054 civium
752 2001 848 2071 capita
856 2002 1026 2057 trecentatri
1050 2004 1055 2015 ¹
1076 2009 1108 2058 ta
1117 2008 1224 2073 septem
1232 2003 1283 2057 mi·

283 2071 399 2144 ‚viginti
409 2071 474 2138 duo,
487 2070 619 2139 princeps
628 2074 742 2124 senatus
751 2070 789 2123 M.
798 2069 937 2124 Aemilius
945 2021 1081 2140 Lepiddd
1103 2072 1284 2127 Ptolemaeus

283 2140 377 2213 egypti
392 2156 455 2207 rex,
471 2139 567 2207 pulsus
582 2156 611 2193 re
653 2154 670 2191 o
685 2138 817 2194 aminore
831 2139 932 2210 trabe,
946 2139 1039 2193 missis
1053 2140 1090 2195 ad
1104 2157 1167 2195 eum
1180 2141 1282 2212 legatis

283 2214 397 2264 stitutus
418 2213 469 2263 est.
505 2207 619 2261 Ariarat
639 2224 667 2275 e,
687 2207 886 2278 Cappadociae
903 2225 985 2280 rege,
1004 2215 1113 2263 mortuo
1130 2208 1205 2262 tilius
1223 2210 1282 2264 eius

283 2278 417 2332 iarathes
431 2293 549 2347 regnum
563 2276 673 2345 accepit
686 2281 715 2331 et
729 2276 882 2331 amicitiam
895 2294 959 2331 cum
971 2278 1076 2359 populo
1090 2278 1219 2331 Romano
1233 2296 1283 2348 per

283 2354 361 2418 gatos
379 2344 533 2400 renovavit.
569 2361 615 2399 res
632 2349 781 2414 praeterea
798 2346 931 2401 adversus
948 2346 1070 2418 Ligures
1088 2352 1117 2401 et
1136 2345 1236 2401 Corsos
1254 2351 1284 2401 et

283 2418 404 2470 nitanos
414 2414 491 2467 vario
501 2419 601 2468 eventu
610 2418 705 2485 gestas
715 2420 744 2469 et
752 2420 844 2467 motus
853 2412 952 2485 Syriae
961 2419 1070 2469 mortuo
1075 2415 1224 2482 Antiocho,
1235 2416 1283 2485 qni

283 2483 337 2539 ium
357 2483 531 2537 Antiochum
548 2499 666 2553 puerum
683 2482 832 2537 admodum
850 2483 1016 2555 reliquerat,
1039 2483 1172 2538 continet.
1208 2485 1283 2538 hunc

283 2554 424 2608 utiochum
436 2569 553 2622 puerum
567 2567 630 2604 cum
638 2549 727 2622 Lysia
734 2557 826 2607 tutore
834 2551 996 2607 Demetrius
1007 2551 1118 2607 Seleuci
1131 2551 1220 2620 filius,
1235 2552 1282 2621 qui

283 2636 357 2695 >mae
377 2621 460 2676 obses
477 2620 583 2688 fuerat,
607 2620 693 2689 clam,
717 2620 784 2690 quia
803 2637 862 2676 non
880 2621 1073 2676 dimittebatur
1090 2637 1108 2674 a
1124 2620 1282 2689 Roma[nis,

283 2697 378 2761 spsus]
388 2689 540 2756 interemit,
551 2694 580 2743 et
587 2688 812 2761 ipseinregnum
820 2695 959 2760 receptus.
977 2689 1011 2743 L.
1021 2689 1157 2745 Aemilius
1166 2689 1282 2758 Paulus,

283 2758 297 2812 ii
307 2761 417 2815 Persen
431 2759 545 2827 vicerat,
560 2763 692 2811 mortuus.
720 2758 799 2812 cuius
810 2763 894 2813 tanta
907 2759 1079 2814 abstinentia
1087 2758 1150 2827 fuit,
1164 2763 1205 2827 ut,
1220 2775 1283 2813 cum

283 2828 446 2898 ,Hispania
463 2832 492 2881 et
511 2844 544 2880 er
562 2825 729 2881 Macedonia
745 2826 896 2882 immensas
918 2845 986 2898 opes
1007 2828 1163 2898 retulisset,
1186 2828 1232 2881 vix
1250 2846 1284 2884 ex

283 2899 384 2952 [ctione
394 2898 455 2951 eius
464 2896 608 2950 redactum
617 2895 662 2964 sit,
672 2895 747 2951 unde
756 2896 834 2949 uxori
845 2899 906 2951 eius
914 2897 965 2951 dos
974 2897 1135 2952 solveretur.
1158 2898 1283 2967 Pompti-

283 2979 305 3019 ιε
314 2966 436 3037 paludes
447 2962 601 3018 acornelio
612 2963 738 3035 Cethego
747 2966 876 3035 consule,
890 2964 937 3019 cui
945 2982 980 3021 ea
987 2966 1133 3037 provincia
1142 2971 1282 3034 evenerat,

283 3042 385 3103 natae,
397 3049 520 3105 agerque
531 3050 564 3087 ex
573 3032 607 3086 iis
615 3032 718 3087 factus.

304 3173 356 3229 Cn.
372 3170 525 3251 Tremellio
538 3172 662 3251 praetori
670 3112 925 3251 ξιιῖιῗᾶχίῐὲἓοει,
944 3172 1019 3242 quod
1034 3187 1097 3226 cum
1109 3169 1148 3223 M.
1161 3168 1283 3224 Aemilio

283 3244 363 3312 epido
373 3239 507 3312 pontifice
516 3255 635 3293 mammo
644 3256 776 3295 iniuriose
786 3240 983 3309 contenderat,
992 3255 1190 3309 sacrorumque
1199 3254 1283 3307 quam

283 3313 469 3383 agistratuum
485 3308 528 3362 ius
546 3308 688 3379 potentius
705 3308 766 3362 fuit.
794 3309 840 3364 lex
857 3309 893 3364 de
912 3309 1019 3363 ambitu
1037 3308 1104 3362 lata.
1135 3308 1283 3361 lustruma

283 3380 417 3433 acoribus
431 3378 574 3432 eonditum
588 3383 643 3430 est:
661 3394 747 3432 censa
760 3383 824 3432 sunt
833 3377 935 3431 civium
944 3377 1039 3447 capita
1047 3381 1175 3432 trecenta
1183 3375 1284 3455 viginti

283 3450 316 3501 to
334 3450 414 3501 milia
428 3451 555 3501 trecenta
563 3446 694 3515 sedecim,
711 3445 843 3517 princeps
854 3450 994 3515 [senatuis]
1004 3448 1137 3513 sernum]
1147 3444 1283 3499 Aemilius

283 3518 389 3586 spicue.
416 3515 489 3569 inter
498 3515 675 3571 Ptolemaeos
688 3514 799 3585 fratres,
815 3516 864 3586 qui
877 3514 1060 3584 dissidebant,
1074 3514 1174 3569 foedus
1187 3514 1282 3580 ictum,

283 3587 368 3641 :alter
376 3585 462 3655 Aegy
482 3588 520 3651 to,
532 3585 603 3639 alter
612 3583 729 3655 Cyrenis
737 3589 878 3657 regnaret
900 3584 1075 3651 Ariarathes,
1086 3582 1283 3653 Cappadociae

283 3663 310 3720 Ι,
324 3655 444 3709 consilio
453 3602 581 3708 demetri
591 3650 690 3723 Syriae
699 3654 775 3725 regis
783 3659 813 3708 et
820 3651 926 3706 viribus
934 3652 1032 3733 pulsus
1040 3667 1138 3723 regno,
1153 3668 1171 3706 a
1184 3657 1284 3731 senatu

283 3725 466 3777 suanensem.
494 3721 571 3775 missi
585 3738 602 3776 a
615 3727 716 3776 senatu
749 3721 1050 3777 uiinterMasrmssam
1064 3728 1093 3775 et
1106 3719 1283 3792 Carthagini·

283 3797 336 3865 {ses
354 3792 391 3847 de
410 3806 480 3863 agro
497 3789 663 3845 iudicarent.
689 3790 721 3846 C.
766 3791 858 3845 arcius
875 3789 973 3843 consul
990 3788 1122 3844 adversus
1135 3789 1284 3843 Dalmatas

283 3867 375 3915 aarum
391 3876 492 3931 parum
509 3875 656 3930 prospere,
679 3865 779 3930 postea
796 3858 918 3914 feliciter
934 3858 1085 3930 pugnavit,
1103 3875 1166 3913 cum
1184 3856 1284 3928 quibus

283 3921 331 3983 ³110
343 3928 516 4000 confligendi
529 3944 617 3983 causa
629 3928 696 3997 suit,
711 3929 785 3999 quod
798 3926 924 3998 Illyrios,
939 3927 1030 3982 socios
1043 3927 1141 3998 populi
1153 3924 1280 4002 Romani,

283 4002 451 4065 tutaverant,
469 3998 642 4067 eandemque
677 4002 769 4052 entem
782 3996 928 4051 Cornelius
941 3995 1046 4052 Nasica
1059 3995 1156 4051 consul
1169 3994 1283 4046 domuit.

283 4097 290 4108 ·
301 4064 428 4136 Opimius
438 4066 536 4120 consul
545 4014 748 4135 Transalpinos
756 4065 886 4137 Ligures,
896 4064 945 4136 qui
954 4063 1195 4142 Massiliensiumo
1212 4060 1284 4140 pida

283 4134 413 4205 ¹¹¹tipolim
422 4138 452 4189 et
459 4134 595 4189 Nicaeam
603 4135 766 4204 vastabant,
781 4134 902 4206 subegit
928 4140 1077 4206 praeterea
1088 4147 1172 4185 resin
1234 4144 1284 4197 pa·

283 4207 307 4277 ¹3
320 4220 338 4257 a
349 4203 531 4274 conpluribus
543 4220 643 4273 parum
655 4220 788 4275 prospers
803 4210 899 4274 gestas
913 4202 1046 4258 eontinet
1073 4198 1199 4254 consules
1210 4213 1284 4251 anno

283 4272 481 4342 uurgentecimo
498 4272 682 4344 nonagesimo
698 4278 799 4327 octavo
817 4272 855 4327 ab
871 4271 941 4327 urbe
959 4270 1073 4325 condita
1090 4267 1284 4348 magistratum

283 4352 333 4406 ml,
350 4343 425 4412 Ian]
447 4340 517 4398 inire
539 4346 701 4413 coeperunt.
736 4340 866 4396 mutandi
882 4339 997 4395 comitia
1013 4353 1100 4394 causa
1116 4335 1184 4407 furt,
1209 4335 1283 4406 quod
