3359 5092
506 528 624 586 nmen
639 527 798 602 mxu,
816 530 894 587 s-s.
913 535 952 596 [s.
962 529 993 587 o.
1004 531 1068 601 ιιι]
1258 518 1298 588 31

286 710 383 754 mnes
408 686 601 756 sententian
620 685 743 764 ierunt,
767 696 804 752 ut
820 709 877 752 eae
895 688 1024 773 tegulae
1040 689 1250 774 reportandae
1268 691 1302 756 in

285 783 430 868 emplum
448 778 660 868 [locarentur]
677 780 915 867 piaculariaque
933 782 1049 848 Iunoni
1066 785 1187 852 fierent.
1219 805 1302 869 quae
1321 806 1351 854 11

285 876 522 961 irreligionem
537 875 711 961 pertinent,
728 896 804 942 curn
820 896 900 942 cura
914 875 1015 953 facte
1033 879 1159 962 tegulae
1176 878 1302 944 relictas

285 995 306 1040 n
329 993 410 1040 area
433 969 561 1056 templi,
587 969 663 1054 quia
688 968 943 1055 reponendarum
965 993 1060 1038 nemo
1082 972 1198 1040 artifex
1222 973 1302 1040 inire

285 1067 430 1132 ationem
447 1064 599 1150 potuerit.
614 1064 832 1150 redemptores
849 1065 1045 1132 nuntiarunt.

335 1160 422 1228 1111,
447 1157 504 1228 Ex
514 1159 725 1245 praetoribus,
742 1158 799 1243 qni
809 1158 845 1222 in
858 1159 1039 1244 provincias
1051 1160 1164 1235 ierant,
1181 1160 1223 1225 N.
1238 1159 1303 1228 Fe·
1322 1183 1334 1228 1

285 1256 346 1322 »isse
353 1253 523 1322 Maniliae
538 1254 685 1331 moritur,
701 1274 775 1320 uum
792 1253 826 1319 in
839 1253 1018 1320 citeriorem
1026 1253 1219 1339 Hispaniam
1231 1255 1301 1322 ires

285 1363 382 1435 taque
400 1371 476 1414 eum
492 1348 527 1416 id
543 1345 724 1414 nuntiatum
739 1345 791 1434 [e]
801 1348 1057 1414 Massiliensibus
1075 1349 1190 1434 legetis
1208 1361 1302 1426 esset,
1321 1372 1336 1422 ι

285 1453 407 1510 emtus
427 1442 585 1519 decrevit,
611 1453 648 1508 ut
662 1441 704 1507 Ρ.
721 1442 839 1510 Furius
858 1454 891 1510 et
909 1439 970 1508 Cn.
990 1441 1159 1520 Servilius,
1186 1444 1302 1525 quibus

285 1538 522 1614 secedebant,
535 1538 619 1603 inter
635 1559 670 1602 se
687 1537 883 1615 sortirentur,
901 1548 972 1604 uter
989 1538 1166 1606 citeriorem
1182 1538 1303 1623 Hispe-

285 1633 361 1698 inm
382 1641 557 1717 prorogato
579 1630 712 1716 imperio
733 1630 900 1717 optineret
944 1653 1013 1697 sors
1030 1643 1210 1717 opportuna
1231 1632 1336 1708 suits

285 1724 341 1814 ut]
351 1726 392 1791 P.
402 1725 522 1792 Furius
535 1725 631 1802 idem,
649 1725 740 1790 cuius
757 1748 795 1790 ea
808 1726 972 1811 provincia
985 1726 1101 1803 fueret,
1113 1737 1300 1794 remaneret.

336 1822 470 1888 Eodem
480 1843 572 1899 anno,
587 1843 661 1886 cum
674 1843 744 1906 agri
732 1820 921 1907 Ligustini
936 1832 968 1887 et
977 1820 1105 1899 Gallici,
1120 1822 1206 1905 quod
1218 1821 1302 1888 bello

285 1929 406 2003 aptum
433 1925 517 1992 eret,
542 1915 741 2025 eliqupntum
764 1926 908 1994 vacaret,
935 1927 1066 1982 senatus
1091 1915 1303 1982 consultumst

285 2010 406 2086 tem,
425 2020 464 2075 ιιι
475 2010 502 2074 is
516 2031 594 2095 ager
606 2008 725 2075 viritim
738 2009 943 2077 divideretur
973 2009 1193 2076 decemviros
1184 2033 1218 2074 m
1231 2031 1303 2076 eam
1320 2031 1337 2077 4

285 2102 374 2191 rem]
392 2127 438 2170 ex
454 2116 584 2170 senatus
607 2104 751 2169 consulto
768 2105 889 2170 creavit
876 2106 949 2170 tA.
967 2104 1087 2170 Atilius
1105 2116 1233 2190 praetor
1249 2126 1304 2172 ur·

285 2199 378 2268 teum
392 2199 447 2265 Μ.
461 2198 638 2264 Aemilium
650 2198 822 2285 Lepidum,
841 2196 882 2266 G.
897 2196 1056 2276 Cassium,
1075 2199 1115 2264 Τ
1124 2199 1303 2264 Aebutium

285 2291 407 2370 Uarum,
428 2289 468 2358 C.
479 2292 695 2370 Tremellium,
708 2292 750 2358 Ρ.
759 2290 946 2360 Cornelium
957 2290 1209 2378 Cethegqu
1220 2292 1302 2360 eth.

285 2387 470 2475 Appuleius,
497 2386 547 2452 Μ.
565 2384 760 2463 Caecilium,
783 2384 823 2452 O.
842 2386 1022 2464 Selenium,
1051 2383 1089 2452 Ο.
1107 2387 1302 2454 Mrmstium.

285 2481 456 2548 diviserunt
471 2482 554 2550 dena
570 2482 682 2568 iugera
698 2481 733 2546 in
750 2481 908 2567 singulos,
927 2481 1022 2548 sociis
1039 2481 1176 2548 nominis
1193 2481 1303 2548 Latini
1321 2499 1336 2548 ι

286 2587 381 2642 lema·

345 2668 410 2736 Per
434 2669 521 2736 idem
546 2681 689 2755 tempus,
715 2690 779 2753 quo
811 2670 891 2736 haec
917 2670 1113 2755 agebantur,
1140 2668 1238 2755 legati
1263 2690 1304 2738 ex

285 2763 406 2830 Aetolis
428 2764 567 2831 Romam
589 2774 746 2829 venerunt
772 2764 812 2829 de
840 2764 1005 2830 discordiis
1032 2763 1303 2848 seditionibusque

285 2858 359 2936 suis,
383 2871 418 2924 et
439 2858 590 2925 Thessali
608 2858 707 2943 legati
728 2859 924 2935 nuntiantes,
950 2880 1033 2942 quae
1056 2858 1091 2923 in
1111 2858 1305 2926 Macedonis

285 2964 474 3037 gererentur.

339 3047 385 3114 V.
411 3046 552 3113 Perseus
566 3046 686 3112 bellum
697 3045 765 3114 iam
775 3047 850 3112 vivo
863 3058 953 3133 petre
966 3047 1141 3133 cogitatum
1152 3047 1187 3112 in
1199 3043 1337 3114 animos

285 3142 428 3219 volvens,
451 3142 553 3206 omnis
575 3142 760 3227 nongentis
777 3141 873 3206 mode
893 3139 1064 3219 Graeciae,
1087 3143 1144 3207 sed
1161 3140 1304 3205 civitates

285 3235 378 3302 etiem
388 3235 605 3321 legationibus
616 3236 788 3313 mittendis,
801 3236 980 3322 pollicendo
993 3237 1087 3321 plura
1099 3255 1197 3319 quem
1213 3255 1306 3319 pree·
1394 3244 1397 3249 '

285 3329 409 3406 sends,
427 3329 490 3395 sibi
506 3330 705 3396 afflabat.
741 3340 831 3395 erant
848 3341 955 3396 tamen
971 3352 1090 3415 magna
1106 3350 1125 3396 e
1142 3337 1231 3413 purte
1247 3327 1339 3392 ho·2

285 3518 315 3584 in
328 3517 514 3584 Eumenem
530 3519 764 3604 propensiores,
788 3541 861 3584 cum
879 3517 1034 3586 Eumenis
1056 3516 1221 3584 beneficiis
1235 3539 1307 3582 mu·
1324 3532 1339 3579 s

285 3613 475 3696 renibusque
497 3633 608 3679 omnes
631 3612 789 3680 Graeciae
804 3613 954 3678 civitates
972 3624 1005 3678 et
1025 3612 1168 3698 plerique
1190 3610 1307 3697 princi·

285 3727 359 3789 pum
371 3706 508 3792 obligati
521 3718 625 3774 enent
639 3718 671 3772 et
683 3707 729 3772 ita
742 3729 776 3773 se
787 3707 822 3773 in
834 3727 935 3792 regno
948 3728 1006 3771 suo
1023 3716 1158 3791 gereret,
1176 3716 1213 3772 ut
1224 3726 1307 3789 quae

285 3795 343 3866 sub
369 3799 496 3866 dicione
522 3800 590 3868 eius
612 3801 708 3866 nrbes
730 3797 868 3886 [efflent]
890 3799 1009 3864 nullius
1031 3800 1149 3865 liberae
1171 3796 1306 3868 civitatis

285 3891 444 3960 fortunam
465 3915 578 3962 secum
598 3904 754 3962 mutatam
774 3894 901 3960 vellent.
949 3905 1059 3958 contra
1078 3893 1200 3960 Persea
1220 3891 1341 3955 famas
1474 3941 1477 3946 .

285 4000 351 4054 emt
361 3999 438 4075 poet
449 3983 548 4074 petris
561 4000 697 4056 mortem
708 4011 843 4054 uxorem
855 4007 953 4054 menn
967 4010 1026 4053 sua
1035 3987 1196 4062 occidisse,
1206 3984 1308 4068 Apel-

285 4081 355 4159 lesn,
371 4082 556 4150 minismm
572 4081 734 4166 qnondam
750 4082 873 4150 fraudis
889 4081 924 4148 in
940 4081 1038 4147 fratre
1055 4079 1194 4148 tollendo
1211 4088 1306 4159 atque

285 4175 409 4243 obidet
418 4175 1037 4263 qusoeitnmaPhilippoadsupplicinm
1047 4171 1109 4260 [et]
1116 4171 1307 4245 exulantem,

285 4270 473 4338 muitum
498 4282 572 4358 post
597 4270 695 4357 petris
722 4281 857 4337 mortem
877 4270 1061 4357 ingentibus
1082 4264 1243 4352 premissis
1266 4263 1308 4330 ed
