3359 5092
348 524 413 592 174
585 535 704 592 muna
720 533 878 606 xxxxv,
896 535 939 591 ιι.
959 535 1143 607 [sanctu

346 718 476 762 causam
489 715 599 761 eorum
614 693 736 758 adiuvit
743 694 793 758 M.
803 692 938 759 Porcius
949 691 1043 772 Cato,
1062 694 1119 780 qui
1135 717 1231 781 asper
1247 695 1371 782 ingenio

311 814 327 861 a
346 803 416 855 tum
432 790 538 855 lenem
554 788 729 873 mitemque
742 799 922 854 senatorem
941 788 1017 874 egit.
1042 810 1108 853 non
1124 789 1264 855 inseram
1279 791 1371 855 simu·

346 885 469 949 lacrum
486 882 547 948 viri
559 882 686 968 copiose
703 882 738 945 id
753 882 840 966 quod
854 881 969 948 dixerit
984 882 1153 948 referendo
1158 908 1168 961 3
1185 884 1288 969 ipsius
1306 907 1370 950 ora·

311 1004 329 1050 4
346 978 390 1042 tio
408 977 526 1063 scripta
543 986 657 1051 exstat,
671 974 845 1062 Originum
860 976 972 1060 quinto
985 977 1067 1042 libro
1081 978 1216 1044 inclusa,
1242 978 1368 1044 Bbodiis

345 1093 533 1158 responsum
546 1071 592 1136 ita
604 1071 765 1137 redditum
778 1083 836 1149 est,
855 1082 892 1136 ut
903 1094 964 1138 nec
976 1071 1083 1138 hostes
1099 1073 1213 1139 fierent
1227 1096 1287 1139 nec
1299 1073 1368 1139 socii

345 1177 577 1252 permanerent.
621 1165 821 1231 Philocrates
845 1177 878 1232 et
893 1166 1089 1253 Astymedes
1111 1169 1272 1255 principes
1290 1169 1369 1255 lega·

312 1286 327 1332 5
345 1263 439 1327 tionis
458 1272 559 1327 erant.
589 1272 714 1347 partem
732 1284 806 1327 cum
823 1261 1006 1328 Philocrate
1023 1263 1207 1328 renuntiare
1225 1263 1368 1328 Rhodum
1407 1259 1409 1292 ³

345 1356 539 1443 legationem
561 1356 696 1442 placuit,
719 1367 843 1441 partem
866 1379 942 1422 cum
957 1358 1138 1443 Astymede
1155 1357 1280 1424 Romae
1302 1359 1368 1424 snb-
1407 1419 1410 1438 ,

347 1453 471 1527 sistere,
499 1472 584 1537 quae
607 1448 720 1537 [quae]
745 1461 918 1537 agerentur
944 1451 1039 1517 sciret
1066 1452 1281 1538 certioresque
1302 1474 1367 1518 suos

307 1568 328 1614 o
347 1546 476 1612 faceret
501 1546 537 1609 in
549 1545 729 1632 praesentia
738 1544 896 1611 deducere
909 1556 984 1611 ante
995 1557 1115 1612 certam
1129 1546 1214 1612 diem
1224 1570 1265 1611 ex
1274 1546 1367 1632 Lycia

347 1639 509 1725 Cariaque
530 1640 693 1706 iussemnt
714 1640 905 1725 praefectos.
947 1641 1028 1707 haec
1045 1641 1198 1706 Rhodum
1219 1642 1366 1717 nuntiata,

346 1757 430 1820 quae
446 1759 505 1822 per
518 1757 553 1801 se
566 1735 668 1801 tristia
685 1734 831 1814 fuissent,
849 1735 925 1820 qnia
936 1736 1065 1801 maioris
1078 1736 1155 1800 mali
1171 1736 1296 1802 levatus
1310 1745 1368 1801 erat

314 1853 327 1900 ι
346 1834 450 1909 timor,
468 1855 543 1898 cum
557 1832 678 1897 bellum
691 1831 882 1910 timuissent,
899 1833 934 1896 in
948 1832 1104 1919 gaudium
1117 1842 1292 1898 verterunt.
1317 1833 1368 1897 ita·

346 1951 409 2013 que
427 1928 587 2013 extemplo
605 1948 756 1992 coronam
774 1927 889 2014 viginti
904 1928 1029 1993 milium
1043 1948 1213 1992 aureorum
1229 1928 1368 1994 decreve·

346 2032 430 2087 runt
465 2021 678 2087 Theaetetum
694 2021 894 2109 praefectum
912 2022 1021 2087 classis
1043 2021 1077 2086 in
1095 2044 1167 2086 eam
1184 2021 1366 2108 legationem

346 2117 510 2182 miserunt.
555 2115 738 2183 societatem
761 2117 803 2182 ab
821 2118 976 2182 Romanis
997 2117 1043 2181 ita
1060 2116 1212 2182 volebant
1233 2118 1315 2203 peti,
1338 2126 1367 2180 nt

347 2212 470 2277 nullum
484 2211 524 2278 de
541 2234 581 2277 ea
594 2235 629 2278 re
643 2212 759 2277 scitum
775 2212 888 2298 populi
904 2212 995 2278 fieret
1008 2221 1064 2276 aut
1080 2211 1193 2277 litteris
1211 2213 1368 2277 mandare·

347 2317 409 2383 tur,
418 2305 505 2390 qnod
517 2306 579 2371 nisi
591 2305 809 2393 impetrarent,
818 2306 921 2372 maior
930 2308 1085 2392 arepulsa
1098 2306 1277 2393 ignominia
1286 2317 1366 2373 esset

312 2420 328 2469 8
346 2401 500 2486 praetecti
518 2400 628 2466 classis
645 2401 679 2465 id
695 2400 791 2466 unius
809 2412 878 2466 erat
893 2401 955 2479 ius,
973 2413 1010 2466 ut
1026 2423 1123 2487 agere
1141 2402 1182 2467 de
1201 2425 1240 2467 ea
1258 2424 1292 2468 re
1310 2403 1367 2468 sino

312 2517 328 2565 e
347 2496 513 2582 rogatione
530 2495 597 2561 ulla
617 2496 742 2582 perlata
762 2507 881 2577 posset.
925 2519 1001 2560 nam
1017 2495 1063 2561 ita
1079 2518 1139 2582 per
1160 2506 1208 2561 tot
1226 2496 1367 2562 annosin

347 2591 487 2656 amicitia
503 2591 644 2667 fuerant,
668 2600 705 2656 ut
722 2590 831 2656 sociob
848 2590 978 2656 foedere
996 2614 1030 2656 se
1048 2612 1122 2656 cum
1140 2592 1297 2657 Romanis
1314 2613 1368 2657 non

347 2685 531 2771 inligarunt,
549 2685 592 2749 ob
608 2684 731 2750 nullam
749 2684 845 2749 aliam
863 2706 993 2749 oausam
1011 2706 1110 2768 qnam
1127 2708 1168 2750 ne
1187 2708 1280 2771 spem
1297 2686 1368 2771 regi·

347 2779 409 2842 bus
432 2778 633 2843 absciderent
651 2778 761 2843 auxilii
779 2779 845 2856 sui,
868 2778 992 2862 siquid
1014 2800 1094 2865 opus
1113 2788 1214 2857 esset,
1236 2803 1302 2846 neu
1319 2775 1368 2846 sibi

227 2889 231 2894 ·
347 2872 425 2958 ipsis
443 2871 566 2936 fructus
581 2893 622 2937 ex
639 2870 837 2959 benignitate
851 2882 884 2938 et
899 2872 1029 2937 fortuna
1042 2894 1154 2938 eorum
1171 2872 1367 2961 percipiendi.

297 2987 330 3037 10
348 2976 424 3031 tunc
438 2966 549 3049 utique
566 2966 706 3051 petenda
719 2966 854 3031 societas
867 2964 1046 3043 videbatur,
1064 2988 1130 3031 non
1143 2988 1229 3051 quae
1247 2970 1366 3034 tutiore

348 3082 402 3125 eos
415 3058 456 3125 ab
470 3059 540 3125 aliis
555 3059 795 3127 faceret—nec
809 3059 895 3125 enim
908 3060 1063 3127 timebant
1076 3083 1276 3147 quemquam
1289 3084 1367 3151 prae·

347 3166 397 3221 ter
405 3154 632 3232 Romanos-
649 3154 707 3220 sed
724 3175 807 3239 quae
823 3154 901 3241 ipsis
911 3155 1065 3220 Romanis
1083 3156 1189 3221 minus
1204 3169 1366 3245 suspectos·

298 3272 328 3319 11
348 3249 409 3315 sub
425 3250 512 3316 idem
529 3249 598 3315 fere
620 3261 747 3335 tempus
766 3259 798 3314 et
816 3247 923 3316 Canni
940 3250 1102 3317 descivere
1119 3252 1163 3316 ab
1185 3251 1236 3317 bis
1255 3265 1288 3319 et
1304 3253 1366 3338 My·

298 3365 329 3413 ιι
346 3346 488 3411 lasenses
505 3343 754 3410 Euromensium
772 3344 890 3430 oppida
908 3357 1114 3430 occuparunt
1141 3368 1208 3411 non
1225 3347 1273 3414 ita
1288 3341 1366 3413 fracti

349 3437 447 3503 animi
464 3436 601 3502 civitatis
619 3448 724 3514 erant,
742 3449 779 3502 ut
795 3459 861 3503 non
877 3438 1045 3517 sentirent,
1064 3462 1092 3505 ει
1081 3439 1217 3526 Lycia
1233 3452 1267 3508 et
1285 3438 1366 3508 casir

348 3535 517 3619 ademptae
536 3534 577 3598 ab
595 3532 750 3598 Romanis
767 3533 886 3611 forent,
910 3545 1015 3601 cetera
1032 3547 1089 3601 aut
1106 3559 1142 3603 se
1159 3538 1232 3623 ipsa
1249 3561 1307 3625 per
1322 3538 1366 3602 de·

348 3627 519 3693 tectionem
536 3629 778 3698 liberarenttaut
791 3653 811 3695 a
827 3630 982 3696 finitumis
996 3644 1242 3718 occuparentur,
1260 3628 1364 3700 includi

349 3744 384 3788 se
405 3722 529 3788 insulae
551 3746 671 3809 parvae
694 3734 727 3790 et
744 3725 858 3791 sterilis
876 3725 947 3811 agri
967 3726 1131 3805 litoribus,
1157 3749 1243 3813 qnae
1260 3747 1365 3838 neque·

300 3835 331 3883 13
350 3838 448 3901 quam
470 3818 555 3883 alere
577 3830 684 3885 tantae
706 3818 795 3883 urbis
815 3820 972 3906 populum
993 3834 1112 3907 posset.
1162 3823 1264 3890 missa
1283 3823 1365 3910 igitur

349 3911 516 3977 iuventute
536 3917 672 3998 propere
694 3923 727 3978 et
749 3908 904 3990 Caunios,
931 3935 1127 4025 quamquam
1151 3914 1364 4004 Cibyratarum

350 4004 528 4072 asciverant
550 4006 682 4086 auxilia,
710 4018 884 4095 coegerunt
903 4008 1038 4095 imperio
1064 4032 1194 4096 parere,
1223 4023 1256 4079 et
1265 4011 1365 4124 Myla-

350 4099 450 4165 sensis
472 4100 789 4186 Alabandensisque,
819 4102 876 4187 qni
904 4101 1155 4170 Euromensium
1182 4106 1364 4191 provinciam

351 4194 536 4280 ademptum
554 4207 587 4261 et
602 4196 665 4282 ipsi
682 4194 850 4262 coniuncto
868 4197 1009 4264 exercitu
1027 4211 1193 4278 venerant,
1212 4201 1296 4266 circa
1312 4196 1363 4264 Or·

350 4286 487 4355 thosiam
505 4290 573 4356 acie
590 4291 746 4357 vicerunt.
