<?xml version="1.0" encoding="UTF-8"?>
<!DOCTYPE html PUBLIC "-//W3C//DTD XHTML 1.0 Transitional//EN"
    "http://www.w3.org/TR/xhtml1/DTD/xhtml1-transitional.dtd">
<html xmlns="http://www.w3.org/1999/xhtml" xml:lang="en" lang="en">
 <head>
  <title>
</title>
<meta http-equiv="Content-Type" content="text/html;charset=utf-8" />
  <meta name='ocr-system' content='tesseract 3.04.00' />
  <meta name='ocr-capabilities' content='ocr_page ocr_carea ocr_par ocr_line ocrx_word'/>
</head>
<body>
  <div class='ocr_page' id='page_1' title='image "./titiliviaburbec02weisgoog_0114.png"; bbox 0 0 3359 5092; ppageno 0'>
   <div class='ocr_carea' id='block_1_1' title="bbox 341 550 1164 631">
    <p class='ocr_par' dir='ltr' id='par_1_1' title="bbox 341 550 1164 631">
     <span class='ocr_line' id='line_1_1' title="bbox 341 550 1164 631; baseline 0.001 -15"><span class='ocrx_word' id='word_1_1' title='bbox 341 550 388 616; x_wconf 83' lang='grc'>40</span> <span class='ocrx_word' id='word_1_2' title='bbox 548 559 667 622; x_wconf 70' lang='lat' dir='ltr'>uana</span> <span class='ocrx_word' id='word_1_3' title='bbox 683 559 959 628; x_wconf 48' lang='lat' dir='ltr'>mxssstels</span> <span class='ocrx_word' id='word_1_4' title='bbox 980 561 1164 631; x_wconf 54' lang='lat' dir='ltr'>[ana-w]</span> 
     </span>
    </p>
   </div>
   <div class='ocr_carea' id='block_1_2' title="bbox 309 716 1403 994">
    <p class='ocr_par' dir='ltr' id='par_1_2' title="bbox 309 716 1403 994">
     <span class='ocr_line' id='line_1_2' title="bbox 343 716 1403 806; baseline -0.001 -20"><span class='ocrx_word' id='word_1_5' title='bbox 343 719 537 806; x_wconf 72' lang='lat' dir='ltr'><strong>contigisset,</strong></span> <span class='ocrx_word' id='word_1_6' title='bbox 550 718 697 783; x_wconf 88' lang='lat' dir='ltr'>libertate</span> <span class='ocrx_word' id='word_1_7' title='bbox 709 717 933 802; x_wconf 79' lang='lat' dir='ltr'>intemperanti</span> <span class='ocrx_word' id='word_1_8' title='bbox 946 717 1091 782; x_wconf 77' lang='lat' dir='ltr'>invectus</span> <span class='ocrx_word' id='word_1_9' title='bbox 1104 716 1138 781; x_wconf 93' lang='lat' dir='ltr'>in</span> <span class='ocrx_word' id='word_1_10' title='bbox 1151 741 1273 804; x_wconf 90' lang='lat' dir='ltr'>regem,</span> <span class='ocrx_word' id='word_1_11' title='bbox 1287 720 1364 803; x_wconf 92' lang='lat' dir='ltr'>quod</span> <span class='ocrx_word' id='word_1_12' title='bbox 1400 751 1403 798; x_wconf 56' lang='lat' dir='ltr'>t</span> 
     </span>
     <span class='ocr_line' id='line_1_3' title="bbox 343 810 1403 901; baseline -0.001 -21"><span class='ocrx_word' id='word_1_13' title='bbox 343 815 519 901; x_wconf 82' lang='lat' dir='ltr'>Lyciorum</span> <span class='ocrx_word' id='word_1_14' title='bbox 535 829 665 898; x_wconf 88' lang='lat' dir='ltr'>gentem</span> <span class='ocrx_word' id='word_1_15' title='bbox 682 811 836 876; x_wconf 75' lang='lat' dir='ltr'>adversus</span> <span class='ocrx_word' id='word_1_16' title='bbox 853 810 997 876; x_wconf 86' lang='lat' dir='ltr'>Rhodios</span> <span class='ocrx_word' id='word_1_17' title='bbox 1015 812 1207 876; x_wconf 69' lang='lat' dir='ltr'>concitasset</span> <span class='ocrx_word' id='word_1_18' title='bbox 1230 814 1364 898; x_wconf 77' lang='lat' dir='ltr'>gravior</span> <span class='ocrx_word' id='word_1_19' title='bbox 1401 811 1403 830; x_wconf 71' lang='lat'><em>&#39;</em></span> 
     </span>
     <span class='ocr_line' id='line_1_4' title="bbox 309 905 1361 994; baseline -0.005 -16"><span class='ocrx_word' id='word_1_20' title='bbox 309 929 408 994; x_wconf 80' lang='lat' dir='ltr'>eque</span> <span class='ocrx_word' id='word_1_21' title='bbox 432 908 533 974; x_wconf 83' lang='lat' dir='ltr'>Asiae</span> <span class='ocrx_word' id='word_1_22' title='bbox 562 917 647 972; x_wconf 88' lang='lat' dir='ltr'>esset</span> <span class='ocrx_word' id='word_1_23' title='bbox 671 927 770 989; x_wconf 87' lang='lat' dir='ltr'>quam</span> <span class='ocrx_word' id='word_1_24' title='bbox 794 905 976 970; x_wconf 81' lang='lat' dir='ltr'>Antiochus</span> <span class='ocrx_word' id='word_1_25' title='bbox 1003 905 1131 983; x_wconf 83' lang='lat' dir='ltr'>fuisset,</span> <span class='ocrx_word' id='word_1_26' title='bbox 1163 908 1361 993; x_wconf 87' lang='lat' dir='ltr'>popularibus</span> 
     </span>
    </p>
   </div>
   <div class='ocr_carea' id='block_1_3' title="bbox 295 999 1403 4390">
    <p class='ocr_par' dir='ltr' id='par_1_3' title="bbox 344 999 1361 1170">
     <span class='ocr_line' id='line_1_5' title="bbox 344 999 1361 1089; baseline 0.001 -21"><span class='ocrx_word' id='word_1_27' title='bbox 344 1003 474 1088; x_wconf 87' lang='lat' dir='ltr'>quidem</span> <span class='ocrx_word' id='word_1_28' title='bbox 494 1013 620 1089; x_wconf 86' lang='lat' dir='ltr'>gratam</span> <span class='ocrx_word' id='word_1_29' title='bbox 635 1036 680 1052; x_wconf 81' lang='lat'>-</span> <span class='ocrx_word' id='word_1_30' title='bbox 695 1023 771 1065; x_wconf 90' lang='lat' dir='ltr'>nam</span> <span class='ocrx_word' id='word_1_31' title='bbox 788 1021 828 1065; x_wconf 90' lang='lat' dir='ltr'>eo</span> <span class='ocrx_word' id='word_1_32' title='bbox 845 1020 974 1084; x_wconf 88' lang='lat' dir='ltr'>quoque</span> <span class='ocrx_word' id='word_1_33' title='bbox 995 999 1059 1065; x_wconf 88' lang='lat' dir='ltr'>iam</span> <span class='ocrx_word' id='word_1_34' title='bbox 1076 999 1170 1066; x_wconf 83' lang='lat' dir='ltr'>favor</span> <span class='ocrx_word' id='word_1_35' title='bbox 1186 1000 1300 1068; x_wconf 90' lang='lat' dir='ltr'>Persei</span> <span class='ocrx_word' id='word_1_36' title='bbox 1317 1023 1361 1068; x_wconf 84' lang='lat' dir='ltr'>ve·</span> 
     </span>
     <span class='ocr_line' id='line_1_6' title="bbox 344 1094 1359 1170; baseline -0.001 -8"><span class='ocrx_word' id='word_1_37' title='bbox 344 1110 434 1164; x_wconf 87' lang='lat' dir='ltr'>uerat</span> <span class='ocrx_word' id='word_1_38' title='bbox 450 1133 496 1150; x_wconf 80' lang='lat'>...</span> <span class='ocrx_word' id='word_1_39' title='bbox 511 1096 687 1161; x_wconf 88' lang='lat' dir='ltr'>orationem</span> <span class='ocrx_word' id='word_1_40' title='bbox 704 1094 826 1170; x_wconf 92' lang='lat' dir='ltr'>habuit,</span> <span class='ocrx_word' id='word_1_41' title='bbox 845 1107 985 1160; x_wconf 81' lang='lat' dir='ltr'>eetenrm</span> <span class='ocrx_word' id='word_1_42' title='bbox 1002 1094 1139 1160; x_wconf 86' lang='lat' dir='ltr'>invisam</span> <span class='ocrx_word' id='word_1_43' title='bbox 1157 1097 1285 1162; x_wconf 80' lang='lat' dir='ltr'>senatui</span> <span class='ocrx_word' id='word_1_44' title='bbox 1300 1096 1359 1161; x_wconf 82' lang='lat' dir='ltr'>inu·</span> 
     </span>
    </p>

    <p class='ocr_par' dir='ltr' id='par_1_4' title="bbox 295 1188 1357 1558">
     <span class='ocr_line' id='line_1_7' title="bbox 295 1188 1357 1278; baseline -0.005 -19"><span class='ocrx_word' id='word_1_45' title='bbox 295 1193 497 1277; x_wconf 80' lang='lat' dir='ltr'>rutilamque</span> <span class='ocrx_word' id='word_1_46' title='bbox 518 1190 581 1256; x_wconf 89' lang='lat' dir='ltr'>sibi</span> <span class='ocrx_word' id='word_1_47' title='bbox 604 1201 636 1255; x_wconf 91' lang='lat' dir='ltr'>et</span> <span class='ocrx_word' id='word_1_48' title='bbox 657 1190 778 1254; x_wconf 85' lang='lat' dir='ltr'>civitati</span> <span class='ocrx_word' id='word_1_49' title='bbox 795 1211 882 1254; x_wconf 88' lang='lat' dir='ltr'>suae.</span> <span class='ocrx_word' id='word_1_50' title='bbox 927 1188 1065 1254; x_wconf 80' lang='lat' dir='ltr'>Eumeni</span> <span class='ocrx_word' id='word_1_51' title='bbox 1083 1212 1160 1255; x_wconf 82' lang='lat' dir='ltr'>vero</span> <span class='ocrx_word' id='word_1_52' title='bbox 1178 1192 1357 1278; x_wconf 71' lang='lat' dir='ltr'><strong>conspiratio</strong></span> 
     </span>
     <span class='ocr_line' id='line_1_8' title="bbox 345 1283 1356 1369; baseline -0.002 -15"><span class='ocrx_word' id='word_1_53' title='bbox 345 1290 499 1354; x_wconf 86' lang='lat' dir='ltr'>adversus</span> <span class='ocrx_word' id='word_1_54' title='bbox 519 1307 594 1351; x_wconf 92' lang='lat' dir='ltr'>eum</span> <span class='ocrx_word' id='word_1_55' title='bbox 613 1284 758 1350; x_wconf 84' lang='lat' dir='ltr'>favorem</span> <span class='ocrx_word' id='word_1_56' title='bbox 779 1296 857 1369; x_wconf 86' lang='lat' dir='ltr'>aput</span> <span class='ocrx_word' id='word_1_57' title='bbox 876 1283 1039 1349; x_wconf 89' lang='lat' dir='ltr'>Romanos</span> <span class='ocrx_word' id='word_1_58' title='bbox 1062 1284 1149 1350; x_wconf 85' lang='lat' dir='ltr'>fecit.</span> <span class='ocrx_word' id='word_1_59' title='bbox 1193 1286 1240 1351; x_wconf 87' lang='lat' dir='ltr'>ita</span> <span class='ocrx_word' id='word_1_60' title='bbox 1262 1307 1356 1352; x_wconf 85' lang='lat' dir='ltr'>omnes</span> 
     </span>
     <span class='ocr_line' id='line_1_9' title="bbox 345 1378 1356 1463; baseline -0.004 -14"><span class='ocrx_word' id='word_1_61' title='bbox 345 1384 375 1450; x_wconf 87' lang='lat' dir='ltr'>ei</span> <span class='ocrx_word' id='word_1_62' title='bbox 395 1382 533 1447; x_wconf 90' lang='lat' dir='ltr'>honores</span> <span class='ocrx_word' id='word_1_63' title='bbox 554 1378 671 1455; x_wconf 87' lang='lat' dir='ltr'>habiti,</span> <span class='ocrx_word' id='word_1_64' title='bbox 698 1379 846 1462; x_wconf 89' lang='lat' dir='ltr'>donaque</span> <span class='ocrx_word' id='word_1_65' title='bbox 867 1398 965 1462; x_wconf 88' lang='lat' dir='ltr'>quam</span> <span class='ocrx_word' id='word_1_66' title='bbox 987 1378 1184 1463; x_wconf 87' lang='lat' dir='ltr'>amplissima</span> <span class='ocrx_word' id='word_1_67' title='bbox 1206 1380 1283 1444; x_wconf 92' lang='lat' dir='ltr'>data</span> <span class='ocrx_word' id='word_1_68' title='bbox 1298 1400 1356 1445; x_wconf 85' lang='lat' dir='ltr'>eun</span> 
     </span>
     <span class='ocr_line' id='line_1_10' title="bbox 345 1472 983 1558; baseline -0.013 -14"><span class='ocrx_word' id='word_1_69' title='bbox 345 1478 424 1544; x_wconf 89' lang='lat' dir='ltr'>sella</span> <span class='ocrx_word' id='word_1_70' title='bbox 441 1474 544 1541; x_wconf 92' lang='lat' dir='ltr'>curuli</span> <span class='ocrx_word' id='word_1_71' title='bbox 561 1484 658 1558; x_wconf 87' lang='lat' dir='ltr'>atque</span> <span class='ocrx_word' id='word_1_72' title='bbox 676 1474 816 1538; x_wconf 91' lang='lat' dir='ltr'>eburneo</span> <span class='ocrx_word' id='word_1_73' title='bbox 833 1472 983 1558; x_wconf 75' lang='lat' dir='ltr'><strong>scipione.</strong></span> 
     </span>
    </p>

    <p class='ocr_par' dir='ltr' id='par_1_5' title="bbox 313 1566 1361 1937">
     <span class='ocr_line' id='line_1_11' title="bbox 313 1566 1357 1654; baseline -0.005 -19"><span class='ocrx_word' id='word_1_74' title='bbox 313 1594 327 1639; x_wconf 89' lang='lat'>1</span> <span class='ocrx_word' id='word_1_75' title='bbox 409 1570 490 1635; x_wconf 89' lang='lat' dir='ltr'>XV.</span> <span class='ocrx_word' id='word_1_76' title='bbox 520 1566 755 1654; x_wconf 88' lang='lat' dir='ltr'>Legationibus</span> <span class='ocrx_word' id='word_1_77' title='bbox 781 1566 919 1631; x_wconf 79' lang='lat' dir='ltr'>dimissis</span> <span class='ocrx_word' id='word_1_78' title='bbox 947 1589 1020 1632; x_wconf 92' lang='lat' dir='ltr'>cum</span> <span class='ocrx_word' id='word_1_79' title='bbox 1046 1567 1228 1654; x_wconf 74' lang='lat' dir='ltr'>Harpalus,</span> <span class='ocrx_word' id='word_1_80' title='bbox 1254 1576 1357 1653; x_wconf 78' lang='lat' dir='ltr'>quanta</span> 
     </span>
     <span class='ocr_line' id='line_1_12' title="bbox 345 1661 1358 1747; baseline -0.004 -17"><span class='ocrx_word' id='word_1_81' title='bbox 345 1664 487 1730; x_wconf 85' lang='lat' dir='ltr'>maxima</span> <span class='ocrx_word' id='word_1_82' title='bbox 498 1661 660 1727; x_wconf 88' lang='lat' dir='ltr'>eeleritate</span> <span class='ocrx_word' id='word_1_83' title='bbox 676 1673 811 1747; x_wconf 89' lang='lat' dir='ltr'>poterat,</span> <span class='ocrx_word' id='word_1_84' title='bbox 829 1683 993 1747; x_wconf 83' lang='lat' dir='ltr'>regressus</span> <span class='ocrx_word' id='word_1_85' title='bbox 1011 1661 1281 1728; x_wconf 88' lang='lat' dir='ltr'>inMacedoniam</span> <span class='ocrx_word' id='word_1_86' title='bbox 1292 1683 1358 1726; x_wconf 75' lang='lat' dir='ltr'>nnn-</span> 
     </span>
     <span class='ocr_line' id='line_1_13' title="bbox 345 1754 1359 1842; baseline -0.005 -17"><span class='ocrx_word' id='word_1_87' title='bbox 345 1761 455 1825; x_wconf 85' lang='lat' dir='ltr'>tiusset</span> <span class='ocrx_word' id='word_1_88' title='bbox 468 1756 547 1842; x_wconf 92' lang='lat' dir='ltr'>regi,</span> <span class='ocrx_word' id='word_1_89' title='bbox 563 1754 707 1819; x_wconf 92' lang='lat' dir='ltr'>nondum</span> <span class='ocrx_word' id='word_1_90' title='bbox 720 1754 851 1838; x_wconf 89' lang='lat' dir='ltr'>quidem</span> <span class='ocrx_word' id='word_1_91' title='bbox 867 1756 1008 1841; x_wconf 87' lang='lat' dir='ltr'>parantis</span> <span class='ocrx_word' id='word_1_92' title='bbox 1026 1756 1146 1821; x_wconf 92' lang='lat' dir='ltr'>bellum</span> <span class='ocrx_word' id='word_1_93' title='bbox 1160 1757 1322 1841; x_wconf 85' lang='lat' dir='ltr'>reliquisse</span> <span class='ocrx_word' id='word_1_94' title='bbox 1334 1775 1359 1820; x_wconf 84' lang='lat' dir='ltr'>se</span> 
     </span>
     <span class='ocr_line' id='line_1_14' title="bbox 345 1849 1361 1937; baseline -0.004 -17"><span class='ocrx_word' id='word_1_95' title='bbox 345 1855 520 1930; x_wconf 89' lang='lat' dir='ltr'>Romanos,</span> <span class='ocrx_word' id='word_1_96' title='bbox 538 1851 596 1917; x_wconf 89' lang='lat' dir='ltr'>sed</span> <span class='ocrx_word' id='word_1_97' title='bbox 612 1851 657 1915; x_wconf 89' lang='lat' dir='ltr'>ita</span> <span class='ocrx_word' id='word_1_98' title='bbox 672 1849 816 1928; x_wconf 81' lang='lat' dir='ltr'>infestos,</span> <span class='ocrx_word' id='word_1_99' title='bbox 834 1861 871 1915; x_wconf 89' lang='lat' dir='ltr'>ut</span> <span class='ocrx_word' id='word_1_100' title='bbox 888 1850 982 1917; x_wconf 87' lang='lat' dir='ltr'>facile</span> <span class='ocrx_word' id='word_1_101' title='bbox 996 1863 1163 1937; x_wconf 74' lang='lat' dir='ltr'>appareret</span> <span class='ocrx_word' id='word_1_102' title='bbox 1180 1874 1248 1917; x_wconf 87' lang='lat' dir='ltr'>non</span> <span class='ocrx_word' id='word_1_103' title='bbox 1261 1853 1361 1917; x_wconf 80' lang='lat' dir='ltr'>dilatu</span> 
     </span>
    </p>

    <p class='ocr_par' dir='ltr' id='par_1_6' title="bbox 313 1945 1364 2116">
     <span class='ocr_line' id='line_1_15' title="bbox 313 1945 1363 2032; baseline -0.003 -20"><span class='ocrx_word' id='word_1_104' title='bbox 313 1976 328 2022; x_wconf 82' lang='lat'>2</span> <span class='ocrx_word' id='word_1_105' title='bbox 346 1971 413 2024; x_wconf 93' lang='lat' dir='ltr'>ros,</span> <span class='ocrx_word' id='word_1_106' title='bbox 435 1948 568 2032; x_wconf 88' lang='lat' dir='ltr'>etipse,</span> <span class='ocrx_word' id='word_1_107' title='bbox 591 1945 919 2031; x_wconf 90' lang='lat' dir='ltr'>praeterquamquod</span> <span class='ocrx_word' id='word_1_108' title='bbox 937 1946 1031 2011; x_wconf 90' lang='lat' dir='ltr'>etita</span> <span class='ocrx_word' id='word_1_109' title='bbox 1053 1946 1203 2011; x_wconf 89' lang='lat' dir='ltr'>credebat</span> <span class='ocrx_word' id='word_1_110' title='bbox 1221 1947 1363 2020; x_wconf 78' lang='lat' dir='ltr'>futur-tm,</span> 
     </span>
     <span class='ocr_line' id='line_1_16' title="bbox 346 2039 1364 2116; baseline -0.001 -10"><span class='ocrx_word' id='word_1_111' title='bbox 346 2044 411 2106; x_wconf 88' lang='lat' dir='ltr'>iam</span> <span class='ocrx_word' id='word_1_112' title='bbox 442 2041 539 2106; x_wconf 86' lang='lat' dir='ltr'>etiam</span> <span class='ocrx_word' id='word_1_113' title='bbox 569 2039 712 2116; x_wconf 81' lang='lat' dir='ltr'>volebat,</span> <span class='ocrx_word' id='word_1_114' title='bbox 744 2040 779 2104; x_wconf 89' lang='lat' dir='ltr'>in</span> <span class='ocrx_word' id='word_1_115' title='bbox 808 2040 887 2105; x_wconf 86' lang='lat' dir='ltr'>tiore</span> <span class='ocrx_word' id='word_1_116' title='bbox 918 2040 1034 2105; x_wconf 81' lang='lat' dir='ltr'>virium</span> <span class='ocrx_word' id='word_1_117' title='bbox 1069 2062 1103 2105; x_wconf 92' lang='lat' dir='ltr'>se</span> <span class='ocrx_word' id='word_1_118' title='bbox 1135 2040 1270 2105; x_wconf 88' lang='lat' dir='ltr'>credens</span> <span class='ocrx_word' id='word_1_119' title='bbox 1295 2061 1364 2105; x_wconf 87' lang='lat' dir='ltr'>esse.</span> 
     </span>
    </p>

    <p class='ocr_par' dir='ltr' id='par_1_7' title="bbox 314 2134 1369 2882">
     <span class='ocr_line' id='line_1_17' title="bbox 314 2134 1366 2220; baseline -0.002 -20"><span class='ocrx_word' id='word_1_120' title='bbox 314 2163 329 2209; x_wconf 83' lang='lat'>3</span> <span class='ocrx_word' id='word_1_121' title='bbox 347 2134 486 2200; x_wconf 86' lang='lat' dir='ltr'>Eumeni</span> <span class='ocrx_word' id='word_1_122' title='bbox 510 2145 584 2199; x_wconf 88' lang='lat' dir='ltr'>ante</span> <span class='ocrx_word' id='word_1_123' title='bbox 602 2134 704 2199; x_wconf 92' lang='lat' dir='ltr'>omnis</span> <span class='ocrx_word' id='word_1_124' title='bbox 725 2134 860 2198; x_wconf 79' lang='lat' dir='ltr'>infestus</span> <span class='ocrx_word' id='word_1_125' title='bbox 882 2147 966 2211; x_wconf 85' lang='lat' dir='ltr'>erat;</span> <span class='ocrx_word' id='word_1_126' title='bbox 989 2158 1009 2199; x_wconf 91' lang='lat' dir='ltr'>a</span> <span class='ocrx_word' id='word_1_127' title='bbox 1031 2135 1122 2199; x_wconf 88' lang='lat' dir='ltr'>cuius</span> <span class='ocrx_word' id='word_1_128' title='bbox 1146 2135 1303 2220; x_wconf 89' lang='lat' dir='ltr'>sanguine</span> <span class='ocrx_word' id='word_1_129' title='bbox 1324 2156 1366 2199; x_wconf 86' lang='lat' dir='ltr'>or·</span> 
     </span>
     <span class='ocr_line' id='line_1_18' title="bbox 347 2226 1366 2306; baseline -0.002 -10"><span class='ocrx_word' id='word_1_130' title='bbox 347 2231 438 2296; x_wconf 84' lang='lat' dir='ltr'>diens</span> <span class='ocrx_word' id='word_1_131' title='bbox 455 2228 589 2305; x_wconf 88' lang='lat' dir='ltr'>bellum,</span> <span class='ocrx_word' id='word_1_132' title='bbox 607 2226 797 2292; x_wconf 85' lang='lat' dir='ltr'>Euandrum</span> <span class='ocrx_word' id='word_1_133' title='bbox 813 2226 1016 2306; x_wconf 86' lang='lat' dir='ltr'>Cretensem,</span> <span class='ocrx_word' id='word_1_134' title='bbox 1040 2229 1154 2293; x_wconf 92' lang='lat' dir='ltr'>ducem</span> <span class='ocrx_word' id='word_1_135' title='bbox 1172 2229 1366 2302; x_wconf 87' lang='lat' dir='ltr'>auxiliorum,</span> 
     </span>
     <span class='ocr_line' id='line_1_19' title="bbox 336 2322 1367 2390; baseline -0.003 -1"><span class='ocrx_word' id='word_1_136' title='bbox 336 2337 381 2390; x_wconf 78' lang='lat' dir='ltr'>&#39;et</span> <span class='ocrx_word' id='word_1_137' title='bbox 401 2323 599 2389; x_wconf 86' lang='lat' dir='ltr'>Macedonas</span> <span class='ocrx_word' id='word_1_138' title='bbox 616 2335 681 2387; x_wconf 89' lang='lat' dir='ltr'>tres</span> <span class='ocrx_word' id='word_1_139' title='bbox 698 2322 848 2387; x_wconf 51' lang='lat' dir='ltr'>&amp;suetos</span> <span class='ocrx_word' id='word_1_140' title='bbox 869 2323 1039 2388; x_wconf 83' lang='lat' dir='ltr'>ministeris</span> <span class='ocrx_word' id='word_1_141' title='bbox 1062 2322 1175 2388; x_wconf 87' lang='lat' dir='ltr'>talium</span> <span class='ocrx_word' id='word_1_142' title='bbox 1195 2322 1367 2390; x_wconf 82' lang='lat' dir='ltr'>facinorum</span> 
     </span>
     <span class='ocr_line' id='line_1_20' title="bbox 349 2417 1367 2503; baseline -0.002 -19"><span class='ocrx_word' id='word_1_143' title='bbox 349 2419 390 2485; x_wconf 89' lang='lat' dir='ltr'>ad</span> <span class='ocrx_word' id='word_1_144' title='bbox 417 2418 548 2484; x_wconf 89' lang='lat' dir='ltr'>caedem</span> <span class='ocrx_word' id='word_1_145' title='bbox 572 2418 657 2503; x_wconf 90' lang='lat' dir='ltr'>regis</span> <span class='ocrx_word' id='word_1_146' title='bbox 684 2417 835 2482; x_wconf 91' lang='lat' dir='ltr'>subornat</span> <span class='ocrx_word' id='word_1_147' title='bbox 862 2417 1033 2501; x_wconf 77' lang='lat' dir='ltr'>literaeque</span> <span class='ocrx_word' id='word_1_148' title='bbox 1056 2418 1101 2482; x_wconf 91' lang='lat' dir='ltr'>eis</span> <span class='ocrx_word' id='word_1_149' title='bbox 1125 2418 1181 2483; x_wconf 88' lang='lat' dir='ltr'>dat</span> <span class='ocrx_word' id='word_1_150' title='bbox 1201 2418 1247 2482; x_wconf 88' lang='lat' dir='ltr'>ad</span> <span class='ocrx_word' id='word_1_151' title='bbox 1269 2417 1367 2482; x_wconf 71' lang='lat' dir='ltr'>Paxo</span> 
     </span>
     <span class='ocr_line' id='line_1_21' title="bbox 348 2510 1368 2598; baseline -0.002 -20"><span class='ocrx_word' id='word_1_152' title='bbox 348 2513 521 2598; x_wconf 90' lang='lat' dir='ltr'>hospitam,</span> <span class='ocrx_word' id='word_1_153' title='bbox 547 2512 723 2598; x_wconf 92' lang='lat' dir='ltr'>principem</span> <span class='ocrx_word' id='word_1_154' title='bbox 749 2512 935 2576; x_wconf 88' lang='lat' dir='ltr'>auctoritate</span> <span class='ocrx_word' id='word_1_155' title='bbox 962 2522 995 2577; x_wconf 91' lang='lat' dir='ltr'>et</span> <span class='ocrx_word' id='word_1_156' title='bbox 1021 2512 1135 2597; x_wconf 92' lang='lat' dir='ltr'>opibus</span> <span class='ocrx_word' id='word_1_157' title='bbox 1162 2510 1368 2597; x_wconf 83' lang='lat' dir='ltr'>Delphorum</span> 
     </span>
     <span class='ocr_line' id='line_1_22' title="bbox 315 2605 1369 2691; baseline -0.002 -17.931"><span class='ocrx_word' id='word_1_158' title='bbox 315 2609 426 2679; x_wconf 78' lang='lat' dir='ltr'>ssatis</span> <span class='ocrx_word' id='word_1_159' title='bbox 444 2608 611 2673; x_wconf 86' lang='lat' dir='ltr'>constabat</span> <span class='ocrx_word' id='word_1_160' title='bbox 627 2605 823 2682; x_wconf 83' lang='lat' dir='ltr'>Eumenem,</span> <span class='ocrx_word' id='word_1_161' title='bbox 845 2617 881 2670; x_wconf 89' lang='lat' dir='ltr'>ut</span> <span class='ocrx_word' id='word_1_162' title='bbox 903 2606 1094 2671; x_wconf 85' lang='lat' dir='ltr'>sacrificaret</span> <span class='ocrx_word' id='word_1_163' title='bbox 1111 2605 1274 2691; x_wconf 91' lang='lat' dir='ltr'>Apollini,</span> <span class='ocrx_word' id='word_1_164' title='bbox 1296 2605 1369 2671; x_wconf 86' lang='lat' dir='ltr'>Del·</span> 
     </span>
     <span class='ocr_line' id='line_1_23' title="bbox 348 2679 1368 2788; baseline 0 -22"><span class='ocrx_word' id='word_1_165' title='bbox 348 2703 430 2788; x_wconf 90' lang='lat' dir='ltr'>phos</span> <span class='ocrx_word' id='word_1_166' title='bbox 453 2723 667 2767; x_wconf 80' lang='lat' dir='ltr'>escensurum.</span> <span class='ocrx_word' id='word_1_167' title='bbox 702 2700 881 2784; x_wconf 76' lang='lat' dir='ltr'>praegressi</span> <span class='ocrx_word' id='word_1_168' title='bbox 903 2723 976 2766; x_wconf 91' lang='lat' dir='ltr'>cum</span> <span class='ocrx_word' id='word_1_169' title='bbox 978 2679 1151 2765; x_wconf 86' lang='lat' dir='ltr'>Euandro</span> <span class='ocrx_word' id='word_1_170' title='bbox 1173 2700 1368 2766; x_wconf 80' lang='lat' dir='ltr'>insidiatores</span> 
     </span>
     <span class='ocr_line' id='line_1_24' title="bbox 348 2792 1368 2882; baseline 0 -22"><span class='ocrx_word' id='word_1_171' title='bbox 348 2796 428 2860; x_wconf 92' lang='lat' dir='ltr'>nihil</span> <span class='ocrx_word' id='word_1_172' title='bbox 446 2795 534 2858; x_wconf 85' lang='lat' dir='ltr'>aliud</span> <span class='ocrx_word' id='word_1_173' title='bbox 550 2793 592 2858; x_wconf 88' lang='lat' dir='ltr'>ad</span> <span class='ocrx_word' id='word_1_174' title='bbox 612 2792 858 2879; x_wconf 85' lang='lat' dir='ltr'>peragendum&#39;</span> <span class='ocrx_word' id='word_1_175' title='bbox 848 2806 1011 2880; x_wconf 81' lang='lat' dir='ltr'>inceptum</span> <span class='ocrx_word' id='word_1_176' title='bbox 1029 2816 1126 2878; x_wconf 89' lang='lat' dir='ltr'>quam</span> <span class='ocrx_word' id='word_1_177' title='bbox 1144 2795 1206 2860; x_wconf 89' lang='lat' dir='ltr'>loci</span> <span class='ocrx_word' id='word_1_178' title='bbox 1224 2807 1368 2882; x_wconf 86' lang='lat' dir='ltr'>opportu-</span> 
     </span>
    </p>

    <p class='ocr_par' dir='ltr' id='par_1_8' title="bbox 316 2887 1403 3356">
     <span class='ocr_line' id='line_1_25' title="bbox 316 2887 1367 2973; baseline 0.001 -20"><span class='ocrx_word' id='word_1_179' title='bbox 316 2891 494 2964; x_wconf 76' lang='lat' dir='ltr'>5nitatem,</span> <span class='ocrx_word' id='word_1_180' title='bbox 512 2887 620 2952; x_wconf 88' lang='lat' dir='ltr'>omnia</span> <span class='ocrx_word' id='word_1_181' title='bbox 637 2887 879 2965; x_wconf 89' lang='lat' dir='ltr'>circumeuntes,</span> <span class='ocrx_word' id='word_1_182' title='bbox 897 2889 1103 2973; x_wconf 74' lang='lat' dir='ltr'>quaerebant.</span> <span class='ocrx_word' id='word_1_183' title='bbox 1130 2891 1367 2962; x_wconf 81' lang='lat' dir='ltr'>escendentibus</span> 
     </span>
     <span class='ocr_line' id='line_1_26' title="bbox 350 2979 1367 3094; baseline -0.001 -45"><span class='ocrx_word' id='word_1_184' title='bbox 350 2985 392 3049; x_wconf 85' lang='lat' dir='ltr'>ed</span> <span class='ocrx_word' id='word_1_185' title='bbox 415 2984 569 3094; x_wconf 80' lang='lat' dir='ltr'>templum</span> <span class='ocrx_word' id='word_1_186' title='bbox 592 3005 612 3046; x_wconf 89' lang='lat' dir='ltr'>a</span> <span class='ocrx_word' id='word_1_187' title='bbox 634 2979 763 3060; x_wconf 83' lang='lat' dir='ltr'>Cirrha,</span> <span class='ocrx_word' id='word_1_188' title='bbox 789 2984 977 3069; x_wconf 87' lang='lat' dir='ltr'>priusquam</span> <span class='ocrx_word' id='word_1_189' title='bbox 1002 2984 1222 3070; x_wconf 84' lang='lat' dir='ltr'>perveniretur</span> <span class='ocrx_word' id='word_1_190' title='bbox 1245 2986 1288 3049; x_wconf 88' lang='lat' dir='ltr'>ad</span> <span class='ocrx_word' id='word_1_191' title='bbox 1312 2984 1367 3048; x_wconf 79' lang='lat' dir='ltr'>fre·</span> 
     </span>
     <span class='ocr_line' id='line_1_27' title="bbox 349 3077 1403 3178; baseline -0.003 -34"><span class='ocrx_word' id='word_1_192' title='bbox 349 3079 480 3164; x_wconf 87' lang='lat' dir='ltr'>quentia</span> <span class='ocrx_word' id='word_1_193' title='bbox 498 3077 648 3143; x_wconf 87' lang='lat' dir='ltr'>aedificiis</span> <span class='ocrx_word' id='word_1_194' title='bbox 666 3078 747 3154; x_wconf 90' lang='lat' dir='ltr'>loca,</span> <span class='ocrx_word' id='word_1_195' title='bbox 763 3080 903 3143; x_wconf 87' lang='lat' dir='ltr'>maceria</span> <span class='ocrx_word' id='word_1_196' title='bbox 916 3089 983 3143; x_wconf 80' lang='lat' dir='ltr'>erat</span> <span class='ocrx_word' id='word_1_197' title='bbox 996 3078 1038 3142; x_wconf 90' lang='lat' dir='ltr'>ab</span> <span class='ocrx_word' id='word_1_198' title='bbox 1055 3079 1148 3144; x_wconf 87' lang='lat' dir='ltr'>laeva</span> <span class='ocrx_word' id='word_1_199' title='bbox 1164 3080 1280 3144; x_wconf 88' lang='lat' dir='ltr'>semita</span> <span class='ocrx_word' id='word_1_200' title='bbox 1296 3099 1403 3178; x_wconf 59' lang='lat' dir='ltr'>pan·l</span> 
     </span>
     <span class='ocr_line' id='line_1_28' title="bbox 348 3131 1403 3259; baseline -0.005 -18"><span class='ocrx_word' id='word_1_201' title='bbox 348 3177 417 3241; x_wconf 90' lang='lat' dir='ltr'>lum</span> <span class='ocrx_word' id='word_1_202' title='bbox 434 3184 562 3240; x_wconf 82' lang='lat' dir='ltr'>extante</span> <span class='ocrx_word' id='word_1_203' title='bbox 580 3195 600 3237; x_wconf 90' lang='lat' dir='ltr'>a</span> <span class='ocrx_word' id='word_1_204' title='bbox 620 3171 829 3237; x_wconf 81' lang='lat' dir='ltr'>fundamento</span> <span class='ocrx_word' id='word_1_205' title='bbox 848 3195 911 3257; x_wconf 86' lang='lat' dir='ltr'>qua</span> <span class='ocrx_word' id='word_1_206' title='bbox 928 3173 1047 3259; x_wconf 88' lang='lat' dir='ltr'>singuli</span> <span class='ocrx_word' id='word_1_207' title='bbox 1064 3173 1244 3251; x_wconf 86' lang='lat' dir='ltr'>transirent,</span> <span class='ocrx_word' id='word_1_208' title='bbox 1262 3131 1403 3240; x_wconf 71' lang='lat' dir='ltr'>dextrsl</span> 
     </span>
     <span class='ocr_line' id='line_1_29' title="bbox 349 3221 1403 3356; baseline -0.001 -22"><span class='ocrx_word' id='word_1_209' title='bbox 349 3293 424 3356; x_wconf 86' lang='lat' dir='ltr'>pars</span> <span class='ocrx_word' id='word_1_210' title='bbox 445 3268 518 3333; x_wconf 88' lang='lat' dir='ltr'>labe</span> <span class='ocrx_word' id='word_1_211' title='bbox 541 3279 643 3332; x_wconf 81' lang='lat' dir='ltr'>terrae</span> <span class='ocrx_word' id='word_1_212' title='bbox 665 3266 699 3330; x_wconf 92' lang='lat' dir='ltr'>in</span> <span class='ocrx_word' id='word_1_213' title='bbox 721 3267 1011 3349; x_wconf 86' lang='lat' dir='ltr'>aliquantumt</span> <span class='ocrx_word' id='word_1_214' title='bbox 942 3268 1011 3332; x_wconf 89' lang='lat' dir='ltr'>altit</span> <span class='ocrx_word' id='word_1_215' title='bbox 1010 3267 1116 3332; x_wconf 90' lang='lat' dir='ltr'>udinis</span> <span class='ocrx_word' id='word_1_216' title='bbox 1139 3268 1277 3353; x_wconf 91' lang='lat' dir='ltr'>derupta</span> <span class='ocrx_word' id='word_1_217' title='bbox 1297 3277 1365 3333; x_wconf 82' lang='lat' dir='ltr'>erat</span> <span class='ocrx_word' id='word_1_218' title='bbox 1397 3221 1403 3354; x_wconf 80' lang='lat' dir='ltr'>l</span> 
     </span>
    </p>

    <p class='ocr_par' dir='ltr' id='par_1_9' title="bbox 316 3357 1403 3534">
     <span class='ocr_line' id='line_1_30' title="bbox 316 3357 1403 3534; baseline -0.003 -108"><span class='ocrx_word' id='word_1_219' title='bbox 316 3386 331 3432; x_wconf 83' lang='lat' dir='ltr'>e</span> <span class='ocrx_word' id='word_1_220' title='bbox 350 3372 423 3447; x_wconf 91' lang='lat' dir='ltr'>post</span> <span class='ocrx_word' id='word_1_221' title='bbox 438 3360 610 3425; x_wconf 85' lang='lat' dir='ltr'>maceriam</span> <span class='ocrx_word' id='word_1_222' title='bbox 631 3382 666 3425; x_wconf 92' lang='lat' dir='ltr'>se</span> <span class='ocrx_word' id='word_1_223' title='bbox 684 3359 876 3426; x_wconf 91' lang='lat' dir='ltr'>abdiderunt</span> <span class='ocrx_word' id='word_1_224' title='bbox 863 3361 1050 3447; x_wconf 92' lang='lat' dir='ltr'>tgradibus</span> <span class='ocrx_word' id='word_1_225' title='bbox 1067 3362 1253 3439; x_wconf 87' lang='lat' dir='ltr'>adstructis,</span> <span class='ocrx_word' id='word_1_226' title='bbox 1281 3371 1316 3426; x_wconf 89' lang='lat' dir='ltr'>nt</span> <span class='ocrx_word' id='word_1_227' title='bbox 1331 3379 1362 3423; x_wconf 87' lang='lat' dir='ltr'>ex</span> <span class='ocrx_word' id='word_1_228' title='bbox 1392 3357 1403 3534; x_wconf 56' lang='lat' dir='ltr'>p</span> 
     </span>
    </p>

    <p class='ocr_par' dir='ltr' id='par_1_10' title="bbox 316 3455 1403 3731">
     <span class='ocr_line' id='line_1_31' title="bbox 316 3455 1362 3565; baseline -0.005 -40"><span class='ocrx_word' id='word_1_229' title='bbox 316 3480 332 3525; x_wconf 78' lang='grc' dir='ltr'>ι</span> <span class='ocrx_word' id='word_1_230' title='bbox 351 3480 389 3523; x_wconf 87' lang='lat' dir='ltr'>ea</span> <span class='ocrx_word' id='word_1_231' title='bbox 406 3457 494 3520; x_wconf 89' lang='lat' dir='ltr'>velut</span> <span class='ocrx_word' id='word_1_232' title='bbox 510 3477 528 3519; x_wconf 91' lang='lat' dir='ltr'>e</span> <span class='ocrx_word' id='word_1_233' title='bbox 546 3475 637 3519; x_wconf 93' lang='lat' dir='ltr'>muro</span> <span class='ocrx_word' id='word_1_234' title='bbox 661 3456 723 3520; x_wconf 87' lang='lat' dir='ltr'>tela</span> <span class='ocrx_word' id='word_1_235' title='bbox 740 3456 774 3519; x_wconf 93' lang='lat' dir='ltr'>in</span> <span class='ocrx_word' id='word_1_236' title='bbox 795 3467 1050 3565; x_wconf 81' lang='lat' dir='ltr'>praetereuntem</span> <span class='ocrx_word' id='word_1_237' title='bbox 1069 3457 1235 3522; x_wconf 86' lang='lat' dir='ltr'>coicerent.</span> <span class='ocrx_word' id='word_1_238' title='bbox 1272 3455 1362 3543; x_wconf 89' lang='lat' dir='ltr'>primo</span> 
     </span>
     <span class='ocr_line' id='line_1_32' title="bbox 348 3547 1403 3636; baseline -0.002 -22"><span class='ocrx_word' id='word_1_239' title='bbox 348 3575 369 3614; x_wconf 89' lang='lat' dir='ltr'>a</span> <span class='ocrx_word' id='word_1_240' title='bbox 385 3571 466 3613; x_wconf 83' lang='lat' dir='ltr'>marr</span> <span class='ocrx_word' id='word_1_241' title='bbox 455 3547 680 3612; x_wconf 66' lang='lat' dir='ltr'>cumfuse</span> <span class='ocrx_word' id='word_1_242' title='bbox 701 3549 795 3613; x_wconf 87' lang='lat' dir='ltr'>turba</span> <span class='ocrx_word' id='word_1_243' title='bbox 816 3550 989 3615; x_wconf 87' lang='lat' dir='ltr'>amicorum</span> <span class='ocrx_word' id='word_1_244' title='bbox 1009 3569 1047 3615; x_wconf 87' lang='lat' dir='ltr'>ac</span> <span class='ocrx_word' id='word_1_245' title='bbox 1070 3550 1241 3616; x_wconf 89' lang='lat' dir='ltr'>satellitum</span> <span class='ocrx_word' id='word_1_246' title='bbox 1263 3568 1361 3636; x_wconf 87' lang='lat' dir='ltr'>prooe-</span> <span class='ocrx_word' id='word_1_247' title='bbox 1390 3565 1403 3612; x_wconf 81' lang='lat' dir='ltr'>t</span> 
     </span>
     <span class='ocr_line' id='line_1_33' title="bbox 350 3615 1403 3754; baseline -0.002 -45"><span class='ocrx_word' id='word_1_248' title='bbox 350 3644 460 3718; x_wconf 89' lang='lat' dir='ltr'>debat,</span> <span class='ocrx_word' id='word_1_249' title='bbox 491 3642 606 3707; x_wconf 91' lang='lat' dir='ltr'>deinde</span> <span class='ocrx_word' id='word_1_250' title='bbox 631 3643 848 3708; x_wconf 83' lang='lat' dir='ltr'>extenuabant</span> <span class='ocrx_word' id='word_1_251' title='bbox 873 3645 1026 3729; x_wconf 90' lang='lat' dir='ltr'>paulatim</span> <span class='ocrx_word' id='word_1_252' title='bbox 1054 3645 1220 3731; x_wconf 82' lang='lat' dir='ltr'>angustiae</span> <span class='ocrx_word' id='word_1_253' title='bbox 1247 3662 1403 3754; x_wconf 78' lang='lat' dir='ltr'>agmen</span> <span class='ocrx_word' id='word_1_254' title='bbox 1395 3615 1403 3696; x_wconf 82' lang='lat' dir='ltr'>l</span> 
     </span>
    </p>

    <p class='ocr_par' dir='ltr' id='par_1_11' title="bbox 315 3701 1403 3919">
     <span class='ocr_line' id='line_1_34' title="bbox 315 3701 1403 3825; baseline -0.005 -18"><span class='ocrx_word' id='word_1_255' title='bbox 315 3759 331 3807; x_wconf 81' lang='lat'>8</span> <span class='ocrx_word' id='word_1_256' title='bbox 348 3738 405 3802; x_wconf 92' lang='lat' dir='ltr'>ubi</span> <span class='ocrx_word' id='word_1_257' title='bbox 422 3737 464 3800; x_wconf 83' lang='lat' dir='ltr'>ad</span> <span class='ocrx_word' id='word_1_258' title='bbox 481 3758 554 3804; x_wconf 88' lang='lat' dir='ltr'>eum</span> <span class='ocrx_word' id='word_1_259' title='bbox 569 3737 677 3802; x_wconf 88' lang='lat' dir='ltr'>locum</span> <span class='ocrx_word' id='word_1_260' title='bbox 690 3747 883 3802; x_wconf 86' lang='lat' dir='ltr'>ventumt</span> <span class='ocrx_word' id='word_1_261' title='bbox 834 3748 883 3803; x_wconf 92' lang='lat' dir='ltr'>est</span> <span class='ocrx_word' id='word_1_262' title='bbox 883 3760 976 3823; x_wconf 86' lang='lat' dir='ltr'>,qua</span> <span class='ocrx_word' id='word_1_263' title='bbox 990 3740 1121 3825; x_wconf 87' lang='lat' dir='ltr'>singulis</span> <span class='ocrx_word' id='word_1_264' title='bbox 1137 3740 1278 3804; x_wconf 90' lang='lat' dir='ltr'>eundum</span> <span class='ocrx_word' id='word_1_265' title='bbox 1295 3701 1403 3808; x_wconf 80' lang='lat' dir='ltr'>erat,</span> 
     </span>
     <span class='ocr_line' id='line_1_35' title="bbox 347 3831 1355 3919; baseline 0.003 -24"><span class='ocrx_word' id='word_1_266' title='bbox 347 3831 469 3918; x_wconf 88' lang='lat' dir='ltr'>primus</span> <span class='ocrx_word' id='word_1_267' title='bbox 491 3831 637 3896; x_wconf 88' lang='lat' dir='ltr'>semitam</span> <span class='ocrx_word' id='word_1_268' title='bbox 656 3831 819 3917; x_wconf 85' lang='lat' dir='ltr'>ingressus</span> <span class='ocrx_word' id='word_1_269' title='bbox 841 3831 1020 3899; x_wconf 86' lang='lat' dir='ltr'>Pantaleon</span> <span class='ocrx_word' id='word_1_270' title='bbox 1040 3834 1188 3900; x_wconf 87' lang='lat' dir='ltr'>Aetoliae</span> <span class='ocrx_word' id='word_1_271' title='bbox 1214 3834 1355 3919; x_wconf 77' lang='lat' dir='ltr'>princepe</span> 
     </span>
    </p>

    <p class='ocr_par' dir='ltr' id='par_1_12' title="bbox 315 3926 1354 4108">
     <span class='ocr_line' id='line_1_36' title="bbox 315 3926 1354 4013; baseline -0.006 -17"><span class='ocrx_word' id='word_1_272' title='bbox 315 3947 423 3996; x_wconf 79' lang='lat' dir='ltr'>ecum</span> <span class='ocrx_word' id='word_1_273' title='bbox 449 3947 512 4010; x_wconf 91' lang='lat' dir='ltr'>quo</span> <span class='ocrx_word' id='word_1_274' title='bbox 538 3926 701 3991; x_wconf 86' lang='lat' dir='ltr'>institutus</span> <span class='ocrx_word' id='word_1_275' title='bbox 727 3926 796 4013; x_wconf 86' lang='lat' dir='ltr'>regi</span> <span class='ocrx_word' id='word_1_276' title='bbox 822 3950 926 3993; x_wconf 89' lang='lat' dir='ltr'>sermo</span> <span class='ocrx_word' id='word_1_277' title='bbox 952 3939 1030 3993; x_wconf 89' lang='lat' dir='ltr'>erat.</span> <span class='ocrx_word' id='word_1_278' title='bbox 1078 3940 1146 3993; x_wconf 91' lang='lat' dir='ltr'>tum</span> <span class='ocrx_word' id='word_1_279' title='bbox 1172 3927 1354 3993; x_wconf 79' lang='lat' dir='ltr'>insidiatores</span> 
     </span>
     <span class='ocr_line' id='line_1_37' title="bbox 349 4020 1354 4108; baseline 0 -21"><span class='ocrx_word' id='word_1_280' title='bbox 349 4020 450 4087; x_wconf 83' lang='lat' dir='ltr'>exorti</span> <span class='ocrx_word' id='word_1_281' title='bbox 467 4043 546 4086; x_wconf 86' lang='lat' dir='ltr'>saxa</span> <span class='ocrx_word' id='word_1_282' title='bbox 563 4020 654 4086; x_wconf 92' lang='lat' dir='ltr'>duo</span> <span class='ocrx_word' id='word_1_283' title='bbox 644 4022 786 4108; x_wconf 79' lang='lat' dir='ltr'>ingentia</span> <span class='ocrx_word' id='word_1_284' title='bbox 804 4022 987 4100; x_wconf 89' lang='lat' dir='ltr'>devolvunt,</span> <span class='ocrx_word' id='word_1_285' title='bbox 1007 4044 1142 4108; x_wconf 90' lang='lat' dir='ltr'>quornm</span> <span class='ocrx_word' id='word_1_286' title='bbox 1160 4023 1260 4088; x_wconf 86' lang='lat' dir='ltr'>altero</span> <span class='ocrx_word' id='word_1_287' title='bbox 1277 4025 1354 4105; x_wconf 76' lang='lat' dir='ltr'>capul</span> 
     </span>
    </p>

    <p class='ocr_par' dir='ltr' id='par_1_13' title="bbox 300 4116 1353 4390">
     <span class='ocr_line' id='line_1_38' title="bbox 300 4116 1353 4203; baseline -0.004 -21"><span class='ocrx_word' id='word_1_288' title='bbox 300 4134 332 4182; x_wconf 82' lang='lat' dir='ltr'>to</span> <span class='ocrx_word' id='word_1_289' title='bbox 349 4116 448 4180; x_wconf 89' lang='lat' dir='ltr'>ictum</span> <span class='ocrx_word' id='word_1_290' title='bbox 466 4127 514 4180; x_wconf 91' lang='lat' dir='ltr'>est</span> <span class='ocrx_word' id='word_1_291' title='bbox 531 4117 609 4201; x_wconf 89' lang='lat' dir='ltr'>regi,</span> <span class='ocrx_word' id='word_1_292' title='bbox 627 4116 672 4180; x_wconf 90' lang='lat' dir='ltr'>alt</span> <span class='ocrx_word' id='word_1_293' title='bbox 659 4126 726 4180; x_wconf 92' lang='lat' dir='ltr'>tero</span> <span class='ocrx_word' id='word_1_294' title='bbox 744 4139 888 4195; x_wconf 57' lang='lat' dir='ltr'>umerum</span> <span class='ocrx_word' id='word_1_295' title='bbox 906 4118 990 4203; x_wconf 88' lang='lat' dir='ltr'>sopit</span> <span class='ocrx_word' id='word_1_296' title='bbox 990 4139 1092 4201; x_wconf 90' lang='lat' dir='ltr'>usque</span> <span class='ocrx_word' id='word_1_297' title='bbox 1112 4139 1152 4182; x_wconf 84' lang='lat' dir='ltr'>ex</span> <span class='ocrx_word' id='word_1_298' title='bbox 1170 4118 1283 4182; x_wconf 89' lang='lat' dir='ltr'>semita</span> <span class='ocrx_word' id='word_1_299' title='bbox 1298 4132 1353 4201; x_wconf 83' lang='lat' dir='ltr'>pre·</span> 
     </span>
     <span class='ocr_line' id='line_1_39' title="bbox 349 4203 1352 4321; baseline 0.001 -49"><span class='ocrx_word' id='word_1_300' title='bbox 349 4208 423 4272; x_wconf 86' lang='lat' dir='ltr'>clivi</span> <span class='ocrx_word' id='word_1_301' title='bbox 440 4207 562 4296; x_wconf 88' lang='lat' dir='ltr'>[ruit]&#39;</span> <span class='ocrx_word' id='word_1_302' title='bbox 553 4233 587 4274; x_wconf 89' lang='lat' dir='ltr'>m</span> <span class='ocrx_word' id='word_1_303' title='bbox 605 4210 740 4287; x_wconf 87' lang='lat' dir='ltr'>declive,</span> <span class='ocrx_word' id='word_1_304' title='bbox 764 4211 871 4276; x_wconf 84' lang='lat' dir='ltr'>multis</span> <span class='ocrx_word' id='word_1_305' title='bbox 890 4233 985 4297; x_wconf 91' lang='lat' dir='ltr'>super</span> <span class='ocrx_word' id='word_1_306' title='bbox 1004 4212 1215 4321; x_wconf 86' lang='lat' dir='ltr'>prolapsum</span> <span class='ocrx_word' id='word_1_307' title='bbox 1205 4235 1270 4277; x_wconf 84' lang='lat' dir='ltr'>ram</span> <span class='ocrx_word' id='word_1_308' title='bbox 1287 4203 1352 4275; x_wconf 71' lang='lat' dir='ltr'>saxi!</span> 
     </span>
     <span class='ocr_line' id='line_1_40' title="bbox 349 4303 1352 4390; baseline 0.004 -24"><span class='ocrx_word' id='word_1_309' title='bbox 349 4304 515 4390; x_wconf 87' lang='lat' dir='ltr'>congestis.</span> <span class='ocrx_word' id='word_1_310' title='bbox 543 4314 574 4370; x_wconf 90' lang='lat' dir='ltr'>et</span> <span class='ocrx_word' id='word_1_311' title='bbox 588 4314 639 4369; x_wconf 87' lang='lat' dir='ltr'>cet</span> <span class='ocrx_word' id='word_1_312' title='bbox 640 4326 685 4368; x_wconf 86' lang='lat' dir='ltr'>err</span> <span class='ocrx_word' id='word_1_313' title='bbox 675 4303 826 4388; x_wconf 89' lang='lat' dir='ltr'>quidem</span> <span class='ocrx_word' id='word_1_314' title='bbox 843 4305 938 4372; x_wconf 88' lang='lat' dir='ltr'>etiam</span> <span class='ocrx_word' id='word_1_315' title='bbox 953 4305 1126 4371; x_wconf 84' lang='lat' dir='ltr'>amicomm</span> <span class='ocrx_word' id='word_1_316' title='bbox 1141 4319 1173 4371; x_wconf 88' lang='lat' dir='ltr'>et</span> <span class='ocrx_word' id='word_1_317' title='bbox 1190 4306 1352 4374; x_wconf 71' lang='lat' dir='ltr'>satellitum</span> 
     </span>
    </p>
   </div>
   <div class='ocr_carea' id='block_1_4' title="bbox 0 0 1701 5092">
    <p class='ocr_par' dir='ltr' id='par_1_14' title="bbox 0 0 1701 5092">
     <span class='ocr_line' id='line_1_41' title="bbox 0 0 1701 5092; baseline 0 0"><span class='ocrx_word' id='word_1_318' title='bbox 0 0 1701 5092; x_wconf 95' lang='lat' dir='ltr'> </span> 
     </span>
    </p>
   </div>
  </div>
 </body>
</html>
