3359 5092
474 539 594 595 urana
610 539 785 611 xxxma,
804 540 881 594 2-4„
901 539 1054 611 [actu]
1239 527 1281 596 89

275 698 299 764 [l.
318 699 496 779 Matienus5
521 699 575 764 ille
601 697 660 785 Sp.
682 698 866 774 Postumio,
894 696 936 779 Q.
958 698 1071 764 Mucio
1098 700 1314 771 consulibusa

275 794 388 860 biennio
404 805 489 871 ante,
507 794 560 859 hic
576 794 704 859 biennio
721 792 820 878 prius,
838 791 880 857 L.
889 793 1066 871 Postumio,
1081 796 1129 861 Μ.
1143 796 1281 882 Popillio

275 888 439 954 consulibus
452 900 580 974 praetor
592 889 708 954 fuerat.
730 887 927 973 gravissimis
942 888 1125 955 criminibus
1142 890 1282 957 accusati
1300 910 1333 960 ιο

275 985 348 1049 mbo
366 983 587 1069 ampliatique3
615 1005 689 1048 cum
710 982 847 1048 dicenda
868 984 908 1048 de
931 984 1055 1070 integro
1073 1006 1170 1050 eausa
1188 997 1281 1065 esset,

275 1078 397 1143 excusati
414 1078 517 1144 exsilii
535 1100 633 1144 causa
649 1079 753 1144 solum
775 1078 918 1143 vertisse.
962 1078 1080 1144 Furius
1096 1079 1281 1157 Praeneste,

275 1172 419 1238 llatienus
437 1172 540 1237 Tibur
557 1173 721 1238 exulatum
739 1171 895 1238 abierunt
930 1172 1018 1238 fama
1035 1185 1103 1240 erat
1120 1174 1281 1260 prohiberi
1301 1194 1331 1241 11

275 1268 434 1353 tpatronis
457 1268 572 1332 nobilis
590 1289 629 1331 ac
649 1277 796 1353 potentes
819 1267 1013 1352 conpellare,
1041 1268 1191 1353 auxitque
1210 1291 1282 1334 eam

275 1363 468 1448 uspicionem
486 1360 661 1427 Canuleius
677 1371 819 1446 praetor,
841 1362 929 1444 quod
952 1362 1068 1427 omissa
1086 1385 1125 1429 ea
1144 1386 1179 1429 re
1203 1364 1282 1430 dile-

275 1469 342 1521 tum
364 1457 483 1522 habere
504 1456 654 1533 instituit,
682 1455 756 1520 dein
773 1467 904 1541 repente
927 1456 961 1521 in
978 1457 1175 1541 provinciam
1193 1458 1281 1537 abiit,

275 1573 299 1616 re
313 1552 420 1637 plures
438 1551 480 1616 ab
498 1551 652 1637 Hispanis
670 1561 871 1616 vexarentur.
898 1551 944 1616 ita
961 1552 1138 1637 praeteritis
1155 1553 1281 1619 silentio
1301 1574 1331 1622 12

275 1643 458 1722 mitteretis,
484 1645 519 1710 in
540 1645 685 1710 futurum
708 1646 888 1710 consultum
906 1656 1013 1711 tamen
1031 1646 1072 1710 ab
1091 1657 1203 1712 senatu
1220 1648 1283 1711 Hi-

275 1741 375 1824 panis,
411 1741 498 1824 quod
524 1740 749 1826 impetrarunt,
782 1761 825 1804 nc
852 1739 1004 1805 frumenti
1030 1741 1279 1808 aestimationem

275 1834 458 1920 mgistratus
482 1833 648 1900 Romanus
671 1833 805 1899 haberet
826 1856 907 1899 neve
931 1848 1060 1920 cogeret
1081 1836 1281 1902 vicensumas

275 1928 392 1993 rendere
415 1929 578 2014 Hispanos
604 1929 716 2012 quanti
740 1930 810 2014 ipse
838 1929 935 1993 vellet
957 1939 989 1994 et
1010 1952 1051 1994 ne
1073 1930 1226 2015 praefecti
1248 1930 1282 1995 in

275 2022 370 2107 rppida
388 2045 449 2087 sua
466 2024 509 2087 ad
524 2024 678 2108 pecunias
695 2024 856 2108 cogendas
874 2024 1121 2109 imponerentur.

317 2117 381 2182 ΠΙ.
404 2117 449 2182 Et
462 2118 609 2182 alianovi
622 2119 749 2203 generis
761 2118 927 2182 hominum
941 2141 981 2183 ex
990 2120 1150 2205 Hispania
1162 2120 1280 2207 legatio
1301 2140 1314 2185 r

275 2212 352 2276 teuit,
396 2234 437 2276 ex
454 2212 610 2277 militibus
626 2212 781 2278 Romanis
799 2224 832 2277 et
854 2235 895 2277 ex
912 2212 1066 2299 Hispanis
1084 2213 1281 2292 mulieribus,
1300 2232 1315 2279 2

275 2325 330 2370 um
346 2308 464 2391 quibus
488 2308 661 2372 conubium
678 2329 743 2371 non
761 2319 861 2383 esset,
887 2320 979 2372 natos
1001 2331 1036 2373 se
1058 2321 1280 2387 memorantes,

275 2420 350 2485 upra
368 2413 519 2486 quattuor
535 2402 623 2467 milia
640 2403 806 2467 hominum
823 2403 966 2479 orabant,
984 2412 1022 2466 ut
1039 2401 1100 2466 sibi
1118 2403 1282 2489 oppidum,

275 2516 367 2579 nquo
385 2497 576 2574 habitarent,
595 2497 733 2562 daretur.
769 2509 898 2561 senatus
920 2496 1070 2573 decrevit,
1088 2497 1135 2561 uti
1153 2497 1283 2562 nomina
1301 2516 1316 2563 a

275 2611 315 2654 ua
335 2605 412 2677 aput
433 2591 474 2656 L.
495 2589 686 2658 Canuleium
713 2592 937 2678 profiterentur
958 2612 1132 2676 eorumque
1154 2593 1182 2656 si
1203 2613 1283 2676 quos

275 2688 528 2753 manumisissent:
547 2710 601 2753 eos
612 2684 774 2753 Carteiam
783 2686 824 2750 ad
834 2682 1002 2751 Oceanum
1012 2686 1128 2751 deduci
1140 2686 1266 2771 placere
1271 2710 1281 2764 3

275 2780 313 2863 lui
329 2778 563 2849 Carteiensium
586 2783 673 2847 domi
690 2804 819 2848 manere
835 2782 968 2859 vellent,
994 2791 1186 2867 potestatem
1202 2782 1281 2858 ficri,
1299 2801 1317 2847 4

275 2885 295 2939 rt
308 2875 341 2940 in
358 2899 491 2943 numero
506 2878 691 2942 colonorum
705 2887 820 2954 essent,
840 2897 917 2963 agro
932 2877 1114 2963 adsignat03
1132 2876 1283 2943 Latinam

275 2993 328 3036 am
345 2973 503 3038 coloniam
520 2994 590 3039 esse
607 2972 891 3058 libertinorumque
905 2972 1067 3057 appellari.

319 3063 445 3131 Eodem
463 3079 606 3152 tempore
625 3089 666 3132 ex
683 3065 797 3131 Africa
813 3077 847 3131 et
860 3063 1004 3131 Gulussa
1021 3064 1163 3149 regulus,
1180 3064 1284 3129 Masi-
1301 3084 1317 3131 5

275 3159 360 3224 issae
377 3160 473 3236 tilius,
489 3160 616 3246 legatus
633 3161 746 3246 patris,
764 3171 797 3225 et
816 3157 1098 3246 Carthaginienses
1115 3170 1281 3224 venerunt.

275 3252 400 3320 lulussa
412 3257 500 3341 prior
512 3256 546 3320 in
555 3269 701 3322 senatum
714 3256 925 3332 introductus,
939 3264 972 3320 et
984 3253 1083 3318 missa
1095 3274 1179 3336 quae
1194 3263 1284 3318 erant
1301 3272 1316 3320 6

275 3349 437 3416 libellum
454 3352 702 3417 Macedonicum
720 3376 740 3417 a
756 3362 846 3439 patre
864 3368 923 3416 suo
941 3348 1088 3435 exposuit
1105 3359 1151 3424 et,
1176 3347 1202 3412 si
1219 3369 1285 3431 qua

275 3457 421 3511 tracterea
443 3447 562 3511 vellent
582 3447 755 3531 imperare,
781 3455 1017 3532 praestatumm
1039 3442 1152 3508 merito
1173 3442 1284 3529 populi

275 3539 394 3605 tomani
412 3552 462 3605 est
484 3540 644 3627 pollicitus
663 3552 695 3607 et
712 3541 836 3605 monuit
852 3550 959 3626 patres
978 3537 1186 3623 conscriptos,
1208 3548 1283 3601 uta

275 3636 370 3701 raude
398 3633 713 3721 Carthaginiensium
740 3646 903 3701 caverent:
931 3632 1039 3699 classis
1066 3654 1120 3698 eos
1147 3653 1317 3717 magnast

275 3729 419 3795 arandae
441 3730 608 3794 consilium
631 3730 767 3816 cepisse,
794 3728 900 3814 specie
921 3749 980 3813 pro
997 3726 1150 3792 Romanis
1173 3737 1205 3791 et
1229 3725 1285 3790 ad·

275 3847 368 3890 'ersus
377 3823 590 3902 Macedonas;
608 3826 663 3889 ubi
678 3848 717 3890 ea
733 3835 845 3909 parata
857 3823 1074 3905 instructaque
1088 3830 1182 3897 esset,
1200 3819 1286 3906 ipso·

275 3942 327 3985 um
352 3919 425 3984 fors
450 3919 615 4004 potestatis
641 3941 739 4003 quem
764 3919 889 3983 hostem
912 3928 968 3981 aut
991 3916 1114 3981 socium
1135 3914 1285 3981 habeant.

275 4037 338 4081 ,auc
356 4015 442 4081 iniec

618 4120 636 4153 ἦ
765 4119 782 4154 1
911 4116 930 4152 C

319 4202 404 4269 IIII.
432 4201 533 4292 [....]
556 4204 597 4268 tis
619 4215 743 4269 tantum
765 4202 886 4269 exstitit
907 4223 1007 4288 pavor
1025 4196 1128 4289 [....]
1149 4196 1286 4285 ingressi
1306 4218 1318 4264 1

275 4309 373 4374 esua
391 4309 585 4364 ostentantes
603 4299 717 4385 capita,
736 4299 890 4376 fecerunt,
908 4309 945 4362 ut
963 4299 990 4362 si
1004 4296 1150 4361 admotus
1164 4304 1286 4359 extem-
