3359 5092
531 529 825 601 umnaxxxxn,
844 530 887 587 aa
908 529 1059 601 [earu]
1268 517 1308 584 77

342 687 474 755 LVIII.
499 687 678 772 Postquam
699 687 862 772 inceptum
883 709 949 753 non
971 688 1177 767 succedebat,
1205 701 1341 760 castra1

285 783 412 870 propius
433 782 558 847 hostem
580 782 679 846 movit
700 804 758 846 rex
780 791 812 846 et
830 803 850 845 a
867 782 1009 867 quinque
1026 782 1155 848 milibus
1178 788 1308 869 passdm

287 876 478 943 communiit
504 876 580 941 inde
592 877 664 941 luce
677 876 781 961 prima
793 876 906 942 eodem
919 897 984 961 quo
998 877 1120 943 solebat
1131 878 1203 944 loco
1219 878 1309 964 pedi-
1327 900 1343 947 2

289 985 351 1036 tum
359 971 427 1037 acie
440 971 596 1036 instructa
604 970 781 1054 equitatum
796 991 924 1052 ornnem
938 972 1107 1055 levemque
1116 984 1309 1037 armaturam

291 1064 327 1131 ad
342 1077 446 1132 castra
463 1064 603 1130 hostium
618 1063 715 1129 ducit.
741 1064 830 1129 visus
844 1077 877 1129 et
892 1065 1049 1151 plurimus
1063 1078 1097 1131 et
1112 1066 1242 1152 propior
1258 1088 1310 1132 so·
1327 1088 1343 1135 3

292 1158 340 1224 lito
348 1159 453 1245 pulvis
463 1158 709 1245 trepidationem
723 1158 758 1222 in
772 1158 883 1223 castris
892 1160 1048 1225 Romanis
1061 1159 1147 1226 fecit.
1165 1171 1198 1225 et
1206 1160 1309 1246 primo

294 1254 340 1319 vix
352 1253 506 1320 creditum
519 1253 679 1318 nuntianti
692 1263 750 1330 est,
765 1253 841 1337 quia
853 1254 1012 1339 prioribus
1026 1254 1183 1319 continuis
1197 1255 1310 1321 diebus

295 1369 458 1431 numquam
481 1358 556 1413 ante
578 1348 691 1411 horam
714 1358 862 1432 quartam
887 1348 987 1413 hostis
1010 1360 1215 1435 apparuerat,
1242 1361 1310 1414 tum

297 1442 359 1508 solis
376 1454 463 1506 ortus
486 1452 564 1507 erat.
611 1441 726 1508 deinde
748 1451 786 1506 ut
807 1441 948 1527 plurium
965 1443 1103 1509 clamore
1121 1454 1153 1509 et
1175 1465 1270 1508 cursu
1291 1458 1345 1508 a4

296 1536 383 1621 portis
396 1536 554 1602 dubitatio
563 1547 711 1622 exempta
720 1548 778 1614 est,
794 1537 950 1601 tumultus
963 1537 1077 1624 ingens
1086 1538 1238 1603 oboritur.
1255 1539 1311 1603 tri-

296 1630 363 1694 buni
378 1630 597 1715 praefectique
615 1643 648 1697 et
665 1630 865 1696 centuriones
882 1630 917 1695 in
933 1632 1142 1717 praetorium,
1160 1631 1252 1698 miles
1269 1632 1311 1697 ad

298 1748 345 1790 sua
360 1725 495 1810 quisque
513 1726 648 1791 tentoria
666 1725 823 1791 discurrit
859 1726 965 1791 minus
982 1726 1174 1813 quingentos
1196 1748 1310 1813 passus
1328 1739 1344 1788 5

298 1820 410 1884 avallo
432 1820 626 1885 instruxerat
642 1819 782 1886 Perseus
809 1841 884 1885 suos
906 1821 992 1886 circa
1013 1822 1185 1897 tumulum,
1214 1842 1310 1905 quem

299 1910 477 1981 Callicinum
494 1926 620 1980 vocant
655 1916 747 1980 laevo
764 1936 864 1980 cornu
883 1912 984 2001 Cotys
1001 1939 1059 1981 rex
1075 1926 1221 2002 praeerat
1238 1937 1311 1980 cum
1329 1927 1345 1976 6

298 2008 431 2072 omnibus
449 2031 526 2074 suae
543 2009 664 2094 gentis;
683 2008 825 2095 equitum
844 2009 971 2075 ordines
987 2010 1068 2076 levis
1086 2020 1246 2076 armatura
1262 2009 1312 2073 in-

299 2102 436 2187 terposita
453 2102 680 2187 distinguebat.
707 2102 741 2166 in
759 2102 873 2168 dextro
891 2124 991 2168 cornu
1007 2102 1204 2169 Macedones
1222 2113 1311 2169 erant

299 2196 417 2279 equites,
435 2196 608 2262 intermixti
625 2196 737 2261 turmis
755 2219 866 2263 eorum
877 2194 1062 2275 Cretensem
1079 2198 1154 2263 huic
1172 2210 1311 2264 armatu-
1329 2215 1344 2262 7

298 2311 342 2356 rae
361 2291 478 2356 Midon
494 2292 692 2367 Beroeaeus,
719 2291 879 2376 equitibus
903 2303 935 2358 et
957 2315 1101 2357 summae
1121 2293 1220 2379 partis
1241 2292 1311 2358 eius

298 2382 619 2471 MenoAntigonensis
628 2396 784 2471 praeerat.
801 2386 939 2471 proximi
948 2385 1097 2451 cornibus
1106 2387 1311 2451 constiterant
1328 2403 1345 2451 8

298 2483 354 2566 regi
376 2480 498 2565 equites
517 2493 550 2546 et
568 2481 704 2545 mixtum
724 2503 841 2567 genus,
869 2481 993 2546 delecta
1009 2480 1148 2567 plurium
1166 2480 1312 2567 gentium
1420 2477 1423 2486 '

298 2575 418 2651 auxilia3
436 2574 601 2640 Patrocles
613 2575 843 2661 Antigonensis
855 2574 908 2639 hic
917 2584 950 2640 et
956 2574 1118 2640 Paeoniae
1131 2573 1311 2661 praefectus

295 2664 389 2734 Didas
406 2679 498 2735 erant
519 2670 702 2756 praepositi.
745 2668 870 2735 medius
888 2668 1029 2734 omnium
1046 2692 1104 2735 rex
1121 2680 1203 2746 erat,
1227 2668 1311 2735 circa
1330 2688 1344 2735 9

295 2783 360 2828 eum
377 2785 493 2849 agema
509 2764 597 2846 quod
614 2774 744 2841 vocant,
768 2764 975 2849 equitumque
996 2786 1105 2830 sacrae
1123 2764 1202 2831 alae.
1237 2774 1311 2829 anto
1331 2782 1363 2831 10

294 2879 323 2923 se
351 2858 463 2922 statuit
493 2858 671 2925 funditores
701 2858 969 2943 iaculatoresque,
1005 2859 1312 2946 quadringentorum

293 2974 400 3017 manus
427 2962 563 3037 utraque
585 2975 756 3019 numerum
782 2954 946 3039 explebat3
974 2950 1156 3020 Stratonem
1173 2953 1312 3019 Thessa·

290 3045 479 3112 lonioensem
497 3059 530 3113 et
546 3047 727 3113 Artemona
744 3045 908 3133 Dolopem
925 3047 963 3112 iis
981 3047 1145 3132 praefecit.
1180 3048 1226 3112 sic
1243 3048 1313 3131 regi

291 3141 501 3206 constiterant.
546 3142 657 3207 consul
674 3142 757 3207 intra
774 3141 894 3207 vallum
910 3141 1055 3228 peditum
1073 3141 1141 3206 acia
1157 3141 1313 3205 instructa
1332 3158 1362 3205 11

291 3235 405 3322 etipse
422 3235 600 3320 equitatum
618 3258 746 3302 omnem
764 3257 838 3303 cum
854 3235 919 3301 levi
936 3245 1098 3301 armatura
1115 3233 1228 3300 emisit.
1254 3254 1312 3319 pro
1331 3252 1364 3300 rt

290 3330 370 3394 vallo
387 3330 536 3394 instructi
552 3341 636 3394 sunt.
663 3330 774 3396 dextro
791 3351 891 3395 cornu
908 3328 1107 3415 praepositus
1117 3324 1157 3393 O.
1167 3325 1313 3392 Licinius

291 3420 427 3490 Crassus
446 3424 585 3489 consulis
602 3424 710 3501 frater,
729 3446 802 3490 cum
818 3423 905 3489 omni
913 3423 1026 3488 Italico
1039 3421 1193 3507 equitatu,
1211 3420 1314 3487 veliti-

290 3518 347 3583 bus
364 3518 557 3583 intermixtis
561 3542 572 3596 ;
595 3519 721 3584 sinistro
737 3518 787 3583 M.
805 3517 955 3584 Valerius
972 3516 1137 3583 Laevinus
1155 3516 1314 3582 sociorum

289 3635 328 3679 ex
345 3611 483 3680 Graecis
504 3613 630 3699 populis
653 3613 777 3697 equites
799 3612 941 3678 habebat
958 3608 1021 3699 [et]
1046 3611 1188 3677 eiusdem
1210 3610 1314 3697 gentis

289 3707 392 3773 levem
414 3719 618 3773 armaturam.
662 3707 801 3773 mediam
828 3718 934 3773 autem
961 3706 1063 3772 aciem
1088 3728 1162 3771 cum
1184 3703 1314 3772 delectis
1333 3724 1366 3773 13

290 3801 450 3887 equitibus
463 3802 720 3867 extraordinariis
734 3803 864 3867 tenebat
872 3800 1014 3885 Quintus
1021 3800 1163 3867 Mucius.
1185 3799 1315 3865 ducenti

291 3897 413 3980 equites
424 3893 513 3960 Galli
531 3906 604 3961 ante
621 3896 715 3982 signa
731 3896 847 3960 horum
862 3895 1008 3961 instructi
1021 3906 1053 3961 et
1066 3895 1107 3960 de
1121 3893 1234 3958 auxilia
1247 3891 1316 3957 Ilu-

289 3991 391 4057 menis
410 3986 595 4074 Cyrtiorum
619 3990 724 4076 gentis
746 3989 889 4055 trecenti.
924 3988 1071 4055 Thessali
1092 3986 1316 4073 quadringenti
1334 4005 1367 4053 14

291 4085 414 4169 equites
432 4105 533 4169 parvo
550 4084 718 4150 intervallo
736 4105 832 4170 super
848 4083 977 4149 laevum
995 4105 1094 4149 cornu
1110 4081 1216 4147 locati.
1246 4079 1316 4145 Eu·

292 4200 401 4244 menes
419 4177 477 4243 re¹x
490 4178 683 4262 Attalusque
697 4200 771 4243 cum
785 4178 871 4244 omni
888 4202 986 4244 manu
1000 4200 1059 4242 sua
1071 4176 1113 4241 ab
1131 4187 1221 4262 tergo
1234 4174 1316 4242 inter

293 4285 486 4358 postremam
504 4271 606 4339 aciem
624 4294 662 4338 ac
678 4272 798 4338 vallum
816 4283 978 4340 steterunt.
