3359 5092
346 515 389 582 74
547 526 666 584 LIBER
681 525 842 598 XXXXII,
861 527 904 583 54.
918 527 962 582 55.
982 525 1166 597 [ammoth]

345 687 583 774 superfuerunt,
610 707 730 751 venum
755 683 840 749 data.
885 683 990 748 diruto
1016 705 1136 770 magna
1163 706 1203 749 ex
1230 696 1317 772 parte
1336 696 1385 778 et

343 782 474 848 incenso
500 781 617 866 oppido
649 780 811 867 profectus
837 778 881 844 ad
905 777 1107 843 Phalannam
1133 790 1240 846 castra
1264 780 1359 859 morit,

312 899 325 944 7
344 876 417 950 inde
435 886 563 962 postero
581 875 633 940 die
652 873 832 960 Gyrtonem
849 873 1004 959 pervenit.
1030 894 1096 957 quo
1113 893 1188 939 oum
1204 874 1246 941 Τ.
1264 874 1359 940 Minu·
1381 931 1385 948 ,

345 970 430 1035 oium
456 969 579 1036 Rufum
607 980 639 1034 et
664 969 821 1055 Hippiam
841 967 1071 1034 Thessalorum
1095 978 1275 1054 praetorem
1299 989 1356 1036 oum
1380 981 1386 1058 ι]

344 1064 504 1151 praesidio
521 1065 656 1129 intrasse
675 1064 866 1149 accepisset,
888 1086 929 1128 ne
952 1073 1107 1149 temptata
1123 1063 1256 1148 quidem
1273 1085 1357 1176 oppq·
1376 1087 1386 1190 q

343 1160 494 1246 gnatione
520 1170 792 1245 praetergressus,
819 1156 961 1223 Elatiam
982 1168 1015 1224 et
1039 1155 1195 1224 Gonnum
1221 1159 1355 1246 peronius

311 1253 508 1341 sinopinato
526 1253 669 1319 adventu
687 1252 855 1339 oppidanis
879 1252 1008 1339 recepit.
1052 1264 1188 1337 utraque
1206 1205 1386 1344 oppidaini

344 1348 492 1414 faucibus
510 1358 585 1412 runt
603 1369 669 1432 qua
681 1347 806 1433 Tempe
823 1348 954 1424 adeunt,
972 1347 1075 1433 magis
1089 1345 1240 1413 Gonnus.
1266 1339 1386 1450 ioque}

345 1453 377 1509 et
398 1443 537 1508 firmiore
559 1441 595 1507 id
617 1441 776 1527 praesidio
794 1452 899 1506 tutum
920 1442 1063 1525 equitum
1083 1442 1304 1528 peditumque,
1324 1438 1354 1506 ad
1378 1457 1385 1520 4

313 1557 326 1606 9
344 1538 407 1602 hoc
423 1537 511 1601 fossa
528 1535 644 1621 triplici
661 1558 700 1601 ac
717 1536 801 1600 vallo
819 1536 978 1601 munitum
994 1535 1132 1620 reliquit.
1163 1536 1234 1622 ipse
1252 1537 1293 1602 ad
1307 1534 1354 1602 Su·
1377 1523 1386 1610 l

346 1631 469 1696 curium
487 1652 674 1716 progressus
688 1630 826 1716 opperiri
843 1630 888 1695 ibi
905 1629 1045 1696 hostium
1062 1630 1238 1696 adventum
1255 1629 1353 1706 stabit,
1376 1645 1386 1740 ι’

346 1725 441 1790 simul
464 1736 496 1790 et
518 1724 706 1791 frumentari
727 1724 849 1811 passim
870 1724 1046 1790 exercitum
1067 1724 1157 1791 iubet
1179 1725 1214 1790 in
1232 1725 1352 1792 subiecto
1378 1749 1386 1796 t

296 1842 328 1889 1o
346 1818 485 1884 hostium
502 1842 590 1905 agm.
617 1841 756 1904 namque
766 1817 941 1886 Sucurium
955 1829 1004 1884 est
1020 1820 1081 1883 sub
1098 1817 1351 1902 radicibusOssst
1375 1801 1386 1910 l

345 1912 472 1978 montis.
516 1935 581 1997 qua
601 1914 635 1978 in
652 1912 817 1979 meridiem
833 1912 952 1998 vergit,
975 1912 1135 1978 subiectos
1158 1912 1257 1979 habet
1273 1912 1352 1977 Ther

270 2079 273 2083 ,
347 2007 445 2072 saliae
463 2029 609 2093 campos,
633 2008 674 2071 ab
692 2019 784 2094 tergo
801 2007 1030 2074 Macedoniam
1046 2017 1143 2092 atque
1159 2006 1350 2096 Magnesiam

297 2123 326 2169 11
347 2101 389 2166 ad
406 2100 464 2166 has
483 2102 734 2187 opportunitates
758 2101 882 2166 accedit
903 2123 1029 2166 summa
1046 2101 1217 2167 salubritas
1235 2112 1267 2168 et
1283 2097 1351 2186 oop't

346 2195 491 2279 pluribus
509 2195 718 2261 circumiectis
736 2195 879 2262 fontibus
896 2194 1083 2281 perennium
1100 2215 1268 2280 aquarum.
1373 2187 1386 2266 i

314 2312 326 2357 1
409 2289 484 2357 LV.
513 2287 635 2355 Consul
653 2290 820 2357 Romanus
847 2312 905 2376 per
931 2289 1061 2356 eosdem
1083 2290 1151 2355 dies
1174 2288 1350 2357 Thessaliam
1377 2281 1386 2382 J

347 2405 420 2450 oum
443 2384 584 2451 exercitu
609 2395 722 2473 petens
744 2385 806 2450 iter
827 2384 1013 2470 expeditum
1033 2385 1137 2471 primo
1158 2405 1219 2471 per
1240 2384 1350 2473 lupina

313 2499 328 2545 2
346 2478 473 2555 habuit3
492 2479 607 2544 deinde
624 2494 795 2565 postquam
807 2478 841 2542 in
851 2478 1079 2544 Athamaniam
1092 2489 1142 2544 est
1158 2489 1351 2566 transgresso

347 2572 450 2658 asperi
467 2595 505 2640 ac
522 2595 624 2659 prope
640 2573 719 2639 invii
737 2572 811 2650 soli,
830 2595 904 2637 cum
921 2571 1045 2657 ingenti
1062 2571 1253 2639 difficultate
1269 2568 1351 2660 parvis

314 2686 328 2733 3
346 2666 512 2732 itineribus
530 2690 626 2753 aegre
645 2666 813 2755 Gomphos
831 2666 991 2753 pervenit;
1014 2666 1066 2732 cui
1088 2666 1115 2731 si
1132 2668 1258 2733 vexatis
1274 2663 1353 2733 honi·

346 2760 441 2825 nibus
460 2762 615 2846 equisque
637 2762 773 2827 tironem
791 2762 966 2828 exercitum
984 2760 1112 2827 ducenti
1135 2762 1205 2827 acie
1223 2763 1354 2828 msnuco

348 2865 380 2918 et
396 2853 467 2919 loco
485 2876 544 2920 suo
558 2865 591 2921 et
607 2866 750 2941 tempore
765 2855 939 2921 obstitisset
955 2877 1023 2932 rex,
1041 2877 1081 2921 ne
1090 2856 1231 2922 Romani
1248 2856 1354 2943 quiden

314 2968 330 3014 4
348 2947 493 3013 abnuunt
509 2971 628 3035 magna
644 2972 704 3014 sua
722 2972 796 3016 eum
814 2950 904 3015 clade
921 2949 1021 3015 fuisse
1038 2961 1248 3035 pugnaturos.
1290 2957 1356 3039 pods

348 3062 445 3124 quam
464 3040 632 3129 Gomphos
650 3044 719 3109 sine
735 3045 907 3111 certamine
924 3054 1056 3109 ventum
1074 3055 1136 3121 est,
1154 3056 1282 3131 praeter
1296 3063 1356 3132 geo·

348 3136 438 3201 dium
445 3138 615 3223 periculosi
624 3138 724 3204 saltus
733 3138 876 3224 superati
885 3148 1084 3224 contemptus
1094 3160 1225 3223 quoque
1239 3139 1357 3206 hostiur

314 3252 329 3300 5
348 3231 428 3297 adeo
445 3231 662 3318 ignorantium
680 3233 933 3320 opportunitates
951 3255 1026 3297 suas
1044 3232 1187 3298 accessit.
1224 3231 1358 3302 sacrificio

347 3326 407 3390 rite
423 3326 566 3411 perfecto
584 3327 696 3393 consul
714 3338 747 3394 et
764 3327 925 3394 frumento
940 3326 1014 3392 dato
1029 3325 1184 3391 militibus
1202 3321 1359 3415 paucosad

347 3419 491 3502 requiem
508 3420 723 3488 iumentorum
735 3421 966 3505 hominumque
979 3431 1120 3487 moratus
1134 3421 1215 3501 dies,
1234 3445 1306 3490 cum
1318 3443 1360 3487 an·

349 3512 432 3576 diret
444 3514 556 3598 vagari
563 3514 760 3582 Macedonas
775 3515 895 3583 effusos
912 3538 971 3602 per
979 3515 1180 3582 Thessaliam
1194 3517 1360 3601 vastarique
1383 3575 1385 3626 q

350 3605 508 3670 sociorum
525 3629 637 3692 agros,
663 3610 739 3675 satis
762 3610 827 3675 iam
844 3610 1001 3677 refectum
1018 3608 1151 3675 militem
1170 3612 1213 3676 ad
1231 3611 1361 3679 Larisam

318 3700 448 3767 educit.
491 3700 565 3767 inde
588 3724 661 3768 eum
683 3704 745 3768 tria
765 3704 853 3769 milia
876 3704 977 3770 ferme
994 3704 1134 3783 abesset,
1162 3705 1205 3771 ad
1223 3705 1361 3795 Tripolin

348 3790 538 3860 -Scaeam
553 3809 722 3863 vocant-
731 3820 827 3884 super
835 3797 983 3865 Peneum
997 3821 1125 3864 amnem
1141 3802 1253 3885 posuit
1264 3811 1361 3868 casua

317 3910 329 3958 t
348 3908 407 3973 per
422 3886 509 3953 idem
526 3898 652 3975 tempus
660 3890 823 3957 Eumenes
841 3892 884 3957 ad
893 3889 1080 3957 Chalcidem
1093 3894 1232 3960 navibus
1247 3891 1362 3961 accessit

350 4003 423 4046 cum
440 3982 551 4048 Attalo
573 3994 671 4070 atque
687 3986 857 4053 Athenaeo
879 3986 1046 4064 fratribus,
1071 3986 1258 4055 Philetaero
1280 3990 1361 4055 fam

348 4076 458 4142 relicto
475 4076 628 4164 Pergami
646 4080 688 4145 ad
705 4081 838 4147 tutelam
855 4080 957 4166 regni.
1001 4077 1156 4148 Chalcide
1174 4106 1249 4149 enm
1266 4079 1360 4149 Attalo

351 4183 550 4257 etquattuor
567 4175 696 4240 milibus
713 4177 869 4263 peditum,
887 4176 974 4242 mille
991 4178 1135 4261 equitum
1152 4179 1194 4244 ad
1212 4178 1360 4245 consulem

317 4286 332 4335 o
350 4268 452 4346 venit;
475 4267 630 4336 Chalcide
647 4271 759 4337 relicta
776 4272 840 4338 duo
858 4272 946 4338 milia
962 4273 1120 4357 peditum,
1138 4274 1256 4358 quibus
1272 4272 1359 4339 Atho·
