3359 5092
349 510 412 578 192
555 519 674 576 LIBER
689 518 847 590 XXXXV,
865 519 909 573 41.
923 518 966 574 42.
985 521 1025 586 [a.
1035 535 1064 574 u.
1074 535 1099 574 c.
1109 519 1173 591 587]

348 682 382 746 in
398 688 589 767 potestatem
606 677 716 762 populi
734 676 873 743 Rbmani
893 675 1004 762 redegi
1022 687 1055 742 et
1076 676 1165 761 quod
1183 677 1303 743 bellum

350 772 595 860 quadriennium
616 781 767 856 quattuor
788 781 864 835 ante
887 792 938 835 me
961 769 1108 836 consules
1134 771 1180 835 ita
1200 795 1309 858 gesser

349 880 386 933 ut
403 890 528 953 semper
542 864 719 932 successori
733 865 895 930 traderent
911 864 1053 951 gravius,
1070 864 1105 928 id
1119 887 1180 951 ego
1195 865 1309 950 quinde

315 986 331 1034 c
349 964 462 1031 diebus
480 961 610 1049 perfeci.
646 960 780 1025 aliarum
798 959 914 1026 deinde
933 960 1146 1027 secundarum
1164 984 1309 1028 rerumv

347 1069 520 1143 proventus
545 1065 688 1120 secutus:
711 1053 857 1121 civitates
874 1075 984 1119 omnes
1001 1054 1214 1121 Macedoniae
1237 1079 1272 1122 se
1290 1057 1310 1121 d

350 1152 478 1229 derunt3
495 1173 580 1236 gaza
597 1149 687 1234 regia
703 1148 737 1213 in
754 1158 945 1233 potestatem
962 1148 1064 1227 venit3
1087 1171 1145 1214 rex
1162 1150 1233 1236 ipse
1251 1162 1309 1215 tra(

348 1245 433 1313 tibus
450 1267 550 1331 prope
567 1244 645 1330 ipsis
663 1243 712 1307 dis
729 1243 763 1306 in
780 1242 899 1328 templo
915 1240 1160 1309 Samothracum
1177 1265 1253 1309 oum
1269 1245 1309 1309 lib

348 1352 397 1407 est
419 1350 543 1425 captus.
587 1337 665 1402 mihi
688 1358 817 1422 quoque
839 1336 903 1422 ipsi
923 1336 1022 1401 nimia
1042 1337 1108 1402 iam
1129 1338 1307 1404 fortunari

223 1457 226 1462 '
315 1460 329 1506 r
348 1456 450 1520 eoque
467 1443 615 1520 suspecta
629 1454 709 1500 esse.
735 1431 833 1498 maris
849 1432 992 1519 pericula
1004 1432 1116 1499 timere
1132 1436 1225 1521 coepi
1243 1435 1309 1500 inu

347 1530 485 1618 pecunia
510 1528 599 1614 regia
624 1527 658 1592 in
679 1528 807 1592 Italiam
831 1527 1006 1594 traicienda
1027 1539 1060 1594 et
1088 1529 1208 1595 victore
1237 1554 1309 1597 exer

313 1647 329 1696 8
350 1622 604 1711 transportando.
638 1632 808 1709 postquam
830 1623 939 1688 omnia
961 1623 1102 1689 secundo
1124 1625 1259 1689 navium
1281 1647 1309 1689 cr

346 1721 381 1785 in
398 1719 525 1785 Italiam
545 1727 761 1805 pervenerunt
783 1739 889 1801 neque
911 1729 979 1783 erat
1000 1719 1087 1803 quod
1109 1719 1193 1783 ultra
1220 1742 1309 1803 preca

345 1815 427 1881 illud
445 1813 568 1900 optavi,
591 1823 629 1878 ut
646 1834 721 1878 cum
743 1835 783 1877 ex
800 1833 926 1878 summo
943 1824 1027 1879 retro
1045 1813 1132 1879 volvi
1154 1813 1309 1880 fortuna(

348 1919 485 1986 suaerat,
511 1907 720 1973 mutationem
743 1907 810 1973 eius
833 1907 948 1971 domus
970 1930 1043 1973 mea
1068 1908 1174 1994 potius
1201 1930 1300 1993 quam

314 2024 329 2072 9
347 2004 477 2090 publica
493 2004 633 2069 sentiret
668 2004 778 2087 itaque
795 2002 980 2069 defunctam
1002 2026 1072 2069 esse
1089 2004 1255 2069 fortunam
1271 2028 1309 2091 pu

288 2130 292 2136 ¹
347 2119 418 2163 oam
435 2120 508 2163 mea
531 2108 597 2162 tam
617 2097 737 2183 insigni
758 2097 939 2164 calamitate
960 2120 1067 2184 sper0,
1089 2100 1178 2183 quod
1195 2100 1309 2186 triump

347 2213 451 2269 meus,
478 2192 568 2257 velut
585 2192 627 2256 ad
650 2191 825 2256 ludibrium
845 2214 979 2257 casuum
994 2194 1224 2273 humanorum,
1252 2195 1309 2259 duo

297 2306 330 2354 10
347 2286 514 2352 funeribus
530 2285 703 2352 liberorum
715 2307 860 2351 meorum
873 2298 922 2352 est
938 2287 1153 2374 interpositus.
1182 2300 1300 2355 etcum

347 2391 379 2447 et
395 2380 535 2447 Perseus
552 2403 638 2446 nunc
655 2380 776 2446 nobilia
793 2381 932 2447 maxime
950 2382 1042 2447 sortis
1069 2384 1252 2449 mortalium
1269 2408 1309 2450 ex·

346 2476 401 2561 pla
417 2486 611 2561 spectemur,
635 2476 702 2553 ille,
725 2475 782 2560 qui
805 2486 880 2541 ante
897 2499 932 2542 se
950 2479 1093 2562 captivos
1112 2476 1287 2565 [captivus]
1303 2478 1309 2541 i

297 2591 328 2639 11
347 2569 422 2636 duci
438 2569 556 2637 liberos
574 2569 668 2647 vidit,
690 2570 866 2636 incolumes
889 2582 995 2637 tamen
1013 2593 1067 2637 eos
1086 2572 1198 2648 habet,
1223 2595 1295 2659 ego,

347 2665 386 2729 de
402 2664 458 2729 illo
476 2664 684 2752 triumphavi,
702 2665 744 2729 ab
762 2665 892 2730 alterius
910 2665 1023 2731 funere
1040 2666 1086 2730 fili
1103 2689 1234 2732 currum
1254 2667 1309 2754 [est

347 2761 425 2827 dens
431 2807 441 2837 ,
460 2759 607 2848 domum]
626 2784 666 2827 ex
681 2760 841 2848 Capitolio
862 2760 989 2850 [altero]
1010 2786 1108 2850 prope
1125 2765 1192 2829 iam
1211 2766 1309 2851 expira

347 2855 535 2940 veni,neque
550 2880 589 2922 ex
604 2867 692 2922 tanta
706 2858 803 2943 stirpe
816 2857 953 2923 liberum
966 2871 1111 2944 superest
1128 2860 1184 2943 qui
1193 2861 1236 2925 L.
1246 2862 1309 2925 Aen

297 2967 328 3015 12
346 2949 443 3014 Pauli
460 2972 577 3016 nomen
595 2951 686 3018 ferat
722 2951 803 3017 duos
821 2953 906 3019 enim
923 2964 1087 3038 tamquam
1105 2977 1147 3020 ex
1166 2977 1309 3043 magna]

346 3044 440 3130 genie
461 3044 635 3111 liberorum
656 3046 690 3110 in
712 3046 917 3131 adoptionem
939 3048 1030 3113 datos
1049 3046 1201 3117 Cornelia
1224 3062 1257 3117 et
1271 3049 1309 3114 Fe

346 3161 426 3226 gens
448 3139 583 3219 habent,
600 3140 696 3206 Pauli
716 3142 751 3206 in
769 3141 865 3206 domo
882 3154 1010 3228 praeter
1027 3166 1136 3209 senem
1154 3166 1309 3229 nemora]

346 3244 404 3299 est.
438 3234 495 3300 sed
514 3235 596 3301 hane
615 3236 738 3301 cladem
756 3235 870 3301 domus
887 3259 978 3303 meae
995 3249 1102 3303 vestra
1118 3238 1257 3305 felicitas
1275 3251 1304 3305 et

348 3329 453 3394 cunda
469 3329 597 3394 fortuna
619 3330 748 3415 publica
764 3330 966 3395 consolatur!

314 3441 328 3489 1
411 3420 605 3487 XXXXII.
633 3424 726 3489 Haeo
743 3433 832 3488 tanto
852 3424 936 3489 dicta
954 3424 1059 3489 animo
1076 3426 1182 3513 magis
1200 3424 1309 3492 confud

346 3515 545 3580 audientium
562 3517 684 3583 animos
701 3539 800 3603 quam
817 3519 846 3583 si
862 3518 1082 3587 miserabiliter
1099 3519 1270 3587 orbitatem
1283 3541 1309 3585 so

346 3609 494 3675 deflendo
511 3610 637 3677 locutus
655 3622 748 3678 esset.

314 3721 330 3772 2
413 3700 474 3768 Cn.
494 3700 652 3770 Octavius
674 3704 819 3772 kalendis
837 3706 1073 3774 Decembribus
1095 3708 1136 3775 de
1159 3732 1237 3796 rege
1254 3709 1309 3775 Per

346 3798 495 3864 navalem
511 3797 708 3884 triumphum
726 3800 801 3886 egit.
827 3802 855 3867 is
873 3801 1053 3888 triumphus
1068 3803 1135 3868 sine
1151 3804 1284 3890 captivis
1298 3799 1309 3866 l

315 3912 330 3961 t
347 3892 417 3958 sine
435 3892 554 3979 spoliis.
599 3894 689 3960 dedit
705 3895 799 3961 sociis
817 3896 986 3962 navalibus
1007 3897 1041 3962 in
1064 3898 1208 3985 singulos
1227 3898 1309 3964 dena

348 3998 560 4074 septuagenos
578 3987 707 4074 quinos,
724 3991 1007 4077 gnbematoribus,
1025 3991 1082 4076 qui
1097 3993 1132 4057 in
1149 3993 1284 4059 navibus
1299 3988 1309 4054 l

346 4093 428 4162 rant,
447 4083 577 4170 duplex,
594 4084 755 4170 magistris
772 4086 904 4151 navium
921 4086 1132 4172 quadruplex.

313 4198 330 4245 4
412 4174 551 4245 Senatus
574 4178 690 4245 deinde
710 4179 839 4246 habitus
863 4192 920 4246 est.
968 4191 1076 4267 patres
1104 4191 1303 4255 consuerunt,

349 4270 392 4356 Q.
411 4269 544 4340 Cassius
559 4272 682 4341 Persea
696 4296 808 4360 regem
825 4296 900 4340 cum
918 4274 1104 4341 Alexandro
1121 4276 1187 4341 filio
1200 4276 1309 4340 Alban
