3359 5092
515 527 839 599 umnnxxxxrm,
859 526 1094 597 61616166]
1254 513 1318 582 113

299 703 327 757 et
342 690 478 755 altitudo
495 711 553 775 per
569 688 708 752 mediam
725 687 841 752 vallem
859 686 986 752 fluentis
1003 685 1104 751 Penei
1122 686 1234 752 amnis.
1265 686 1318 751 hie
1336 707 1351 755 9

299 786 379 850 loeus
401 795 470 849 tam
492 794 604 869 suapte
625 792 740 846 natura
760 780 896 846 infestus
917 802 975 866 per
996 791 1147 864 quattuor
1169 780 1319 847 distantia

300 881 361 945 loea
377 878 546 965 praesidiis
563 880 648 963 regis
666 876 729 940 fuit
745 876 896 940 insessus.
941 898 1041 939 unum
1057 874 1091 938 in
1108 875 1210 960 primo
1228 875 1318 941 aditu
1337 896 1371 944 10

303 975 335 1038 ad
352 972 506 1039 Gonnum
524 983 606 1049 erat,
629 972 763 1037 alterum
781 968 846 1058 [in]
866 968 1014 1055 Condylo
1032 971 1161 1036 castello
1183 971 1318 1056 inexpu-

303 1068 421 1153 gnabili,
441 1066 571 1133 tertium
588 1066 674 1131 eirea
691 1065 910 1151 Lapathunta,
928 1086 1025 1149 quem
1043 1061 1191 1129 Characa
1207 1065 1317 1151 appel·

304 1162 370 1239 lant,
397 1173 549 1245 quartum
575 1161 647 1225 viae
668 1160 744 1245 ipsi,
772 1181 836 1244 qua
858 1169 891 1224 et
911 1160 1018 1223 media
1039 1170 1072 1225 61
1093 1160 1319 1245 angustissima
1337 1178 1367 1225 11

305 1256 381 1321 vallis
395 1267 454 1333 est,
472 1254 667 1341 impositum,
685 1275 783 1339 quam
796 1253 849 1319 vel
862 1254 973 1320 deeem
986 1254 1115 1318 armatis
1129 1253 1210 1319 tueri
1223 1253 1318 1320 facile

307 1361 351 1415 661
376 1350 550 1415 intercluso
563 1372 621 1435 per
630 1350 753 1434 Tempe
763 1349 857 1414 simul
871 1349 960 1413 aditu
969 1348 1208 1425 commeatibus,
1223 1348 1317 1413 simul
1337 1367 1369 1414 12

306 1444 394 1509 reditu
406 1445 497 1530 ipsis,
506 1455 630 1510 montes
643 1466 701 1530 per
710 1466 791 1528 quos
801 1444 1030 1509 descenderant
1038 1444 1203 1528 repetendi
1216 1454 1315 1509 erant

307 1540 386 1622 quod,
404 1552 442 1604 ut
458 1540 545 1604 furto
562 1538 751 1616 fefellerant,
768 1539 814 1604 ita
830 1539 1006 1625 propalam,
1024 1539 1205 1604 tenentibus
1223 1561 1318 1624 supe-
1337 1559 1368 1606 13

307 1633 375 1699 riora
388 1634 555 1700 eacumina
569 1633 713 1699 hostibus
726 1655 793 1698 non
808 1643 971 1720 poterant3
991 1645 1023 1699 et
1035 1645 1167 1719 experta
1181 1634 1318 1699 difficul-

307 1736 343 1792 tas
359 1751 448 1814 spem
465 1750 593 1793 omnem
616 1727 788 1793 incidisset.
834 1739 999 1813 supererat
1016 1727 1093 1793 nihil
1111 1729 1198 1793 aliud
1218 1730 1253 1795 in
1270 1741 1369 1797 16-14

306 1841 377 1888 nere
390 1823 560 1888 commisso
570 1845 667 1907 quam
679 1823 714 1886 in
722 1822 949 1888 Macedoniam
958 1824 1000 1887 ad
1008 1823 1110 1888 Dium
1124 1847 1181 1909 per
1194 1824 1316 1889 medios

304 1916 426 1983 evadere
439 1916 554 1995 hostis3
572 1918 669 2001 quod,
687 1918 748 1983 nisi
758 1918 791 1982 di
803 1918 1021 2005 mentemregi
1035 1918 1237 1997 ademissent,
1253 1917 1315 2005 [61]

302 2008 396 2097 ipsum
412 2010 552 2097 ingentis
570 2011 765 2077 difficultatis
784 2023 862 2077 erat
889 2035 964 2077 nam
988 2034 1062 2080 eum
1080 2010 1214 2100 Olympi
1231 2015 1315 2079 radi·
1335 2034 1366 2080 15

303 2127 345 2173 oes
361 2107 478 2172 montis
495 2109 592 2193 paulo
610 2109 682 2193 plus
701 2128 798 2191 quam
811 2107 898 2173 mille
915 2112 1045 2193 passllm
1063 2108 1105 2172 ad
1121 2132 1209 2175 mare
1221 2110 1318 2176 relin-

302 2214 390 2284 quant
407 2201 562 2287 spatium,
589 2202 679 2266 ouius
698 2201 864 2266 dimidium
885 2202 947 2266 loei
966 2213 1102 2288 oeeupat
1119 2203 1235 2268 ostium
1252 2204 1316 2270 late

302 2309 476 2381 restagnans
485 2295 630 2381 Baphyri
644 2296 755 2373 amnis,
770 2307 895 2381 partem
907 2296 1058 2382 planitiae
1072 2309 1127 2362 aut
1135 2297 1223 2362 Iovis
1236 2310 1317 2364 tem·

302 2389 378 2472 plum
387 2400 444 2454 aut
453 2390 606 2475 oppidum
615 2401 710 2466 tenet,
724 2391 857 2456 relicum
871 2389 1082 2477 perexiguum
1096 2389 1316 2457 fossemodiea
1335 2410 1366 2459 16

305 2485 437 2568 valloque
455 2485 560 2549 elaudi
578 2496 712 2571 poterat,
731 2496 763 2552 61
780 2507 931 2550 saxorum
944 2486 986 2550 ad
1002 2508 1133 2550 manum
1151 2487 1317 2551 silvestris·

302 2598 353 2660 que
369 2579 521 2644 materiae
539 2589 662 2643 tantum
681 2590 762 2655 6161,
784 2592 821 2644 111
843 2580 894 2645 vel
916 2602 1026 2644 murus
1045 2580 1129 2645 obiei
1150 2589 1316 2664 turresque

302 2673 419 2738 excitari
436 2673 607 2758 potuerint.
640 2695 775 2757 quorum
792 2673 872 2738 nihil
890 2696 964 2739 eum
981 2674 1170 2760 dispexisset
1187 2685 1316 2742 eaeoata
1335 2696 1365 2742 11

300 2788 379 2832 mens
401 2768 508 2832 subito
531 2779 663 2845 terrore,
689 2769 817 2834 nudatis
835 2769 984 2834 omnibus
1004 2770 1170 2856 praesidiis
1192 2772 1316 2857 patefa-

300 2861 411 2946 ctisque
430 2863 515 2927 bello
533 2864 574 2927 ad
591 2862 741 2947 Pydnam
757 2863 887 2950 refugit.

352 2957 430 3023 Vll.
459 2954 582 3021 Consul
598 2958 772 3043 plurimum
790 2969 822 3023 et
838 2958 990 3044 praesidii
1003 2968 1035 3025 61
1051 2960 1120 3045 spei
1138 2983 1270 3026 cernens
1282 2961 1315 3024 in
1334 2981 1345 3026 1

300 3052 420 3117 6111111116
439 3064 469 3117 61
488 3053 624 3139 segnitia
641 3054 754 3131 hostis,
777 3054 910 3119 remisso
927 3055 1039 3119 nuntio
1057 3055 1098 3119 ad
1117 3053 1316 3140 8111111616-

299 3146 368 3211 tium
377 3147 536 3225 Larisam,
554 3159 591 3212 ut
604 3150 733 3214 eastella
749 3150 860 3215 1611616
874 3148 915 3213 61)
928 3148 1019 3214 hoste
1032 3150 1116 3214 eirea
1124 3148 1247 3233 Tempe
1262 3169 1316 3212 oe-

299 3253 429 3326 euparet‚
448 3243 622 3328 praemisso
631 3242 770 3329 Popillio
783 3244 825 3309 ad
839 3243 1051 3329 explorandos
1064 3242 1216 3308 transitus
1231 3241 1315 3306 61166

298 3332 403 3412 Ilium,
426 3350 597 3421 postquam
619 3349 728 3422 patere
746 3340 853 3403 omnia
869 3339 904 3403 in
922 3339 1024 3403 omnis
1045 3350 1152 3424 partes
1170 3337 1314 3401 animad-

298 3430 395 3509 vertit,
413 3430 561 3495 secundis
579 3431 689 3496 eastris
707 3433 853 3518 pervenit
870 3434 911 3498 ad
928 3432 1040 3510 Dium,
1058 3432 1234 3517 metarique
1251 3432 1313 3499 sub
1332 3450 1347 3497 a

297 3521 357 3608 ipso
374 3525 505 3610 temple,
523 3548 564 3589 ne
582 3525 660 3610 quid
677 3549 767 3592 saero
784 3528 819 3591 in
835 3528 906 3593 1666
919 3529 1100 3605 violaretur,
1118 3527 1218 3593 iussit.
1245 3528 1314 3613 ipse
1332 3544 1348 3591 3

297 3618 399 3685 urbem
412 3620 587 3704 ingressus,
605 3621 687 3685 sieut
699 3643 764 3686 non
776 3645 938 3709 magnam,
951 3623 997 3686 ita
1010 3633 1195 3704 exornatam
1207 3622 1314 3707 publi·

296 3712 332 3777 616
357 3714 437 3779 16616
460 3725 493 3779 61
514 3714 715 3782 multitudine
738 3728 915 3782 statuarum
936 3716 1156 3801 munitamque
1174 3716 1313 3802 egregie,

295 3805 436 3872 vineatis
460 3808 588 3874 eredere
610 3809 762 3875 intentis
784 3811 882 3876 rebus
904 3811 973 3875 sine
995 3832 1092 3875 eausa
1114 3810 1231 3876 relictis
1248 3831 1313 3873 non

292 3901 425 3986 aliquem
445 3902 577 3969 subesse
595 3903 713 3969 dolum.
740 3927 841 3970 unum
859 3905 943 3971 diem
961 3905 1003 3969 ad
1021 3904 1216 3990 exploranda
1229 3903 1313 3966 eirea
1329 3920 1346 3965 4

291 3997 392 4061 omnia
411 4008 552 4062 moratus
575 4010 679 4063 eastra
698 4011 820 4078 movet3
844 4000 983 4084 satisque
1006 4000 1137 4065 eredens
1154 3998 1189 4063 in
1204 3996 1312 4061 Pieria

287 4088 437 4157 humenti
460 4091 584 4177 copiam
606 4093 691 4171 fore,
719 4116 757 4159 eo
775 4093 826 4159 die
849 4093 890 4159 ad
911 4117 1037 4161 amnem
1057 4094 1185 4159 nomine
1201 4090 1311 4173 Mityn

287 4186 450 4267 processit.
477 4197 604 4271 postero
622 4188 673 4253 die
689 4209 878 4275 progressus
892 4189 1036 4275 Agassas
1054 4188 1167 4251 urbem
1184 4184 1310 4249 11611611-
1326 4202 1344 4250 5

286 4278 369 4343 tibus
397 4302 469 4346 6666
494 4280 572 4366 ipsis
598 4283 718 4369 reeepit
744 4294 789 4361 et,
816 4294 853 4348 ut
878 4283 1072 4368 reliquorum
1093 4279 1310 4344 Macedonum

336 4378 484 4425 lirirotll'·
1124 4379 1142 4433 8
