3359 5092
492 549 611 605 urana
627 531 788 618 xxm,
806 551 849 605 42.
863 552 906 607 ue.
925 557 1002 619 [uu.
1012 569 1037 608 ο.
1048 553 1112 622 171]
1272 537 1315 603 63

300 731 346 796 per
360 709 482 795 legatos
500 729 589 773 meos
606 729 670 772 non
688 709 791 774 solum
808 709 958 786 indicata,
977 711 1035 776 sed
1052 709 1149 774 etiam
1162 721 1315 777 excusata

304 816 363 869 sunt
378 825 473 889 saeps
490 802 525 867 in
543 813 656 868 senatu
670 814 787 881 vestro,
804 803 861 868 ubi
875 804 998 888 aliquos
1013 826 1074 891 ego
1088 804 1314 891 disceptatores

305 919 354 961 uon
369 908 434 962 tam
451 917 571 981 aequos
594 918 692 981 quam
713 908 760 976 te,
784 895 826 979 Q.
844 897 964 976 Marci,
991 910 1159 984 paternum
1177 899 1315 965 amicum

306 1007 330 1057 ct
344 991 513 1077 hospitem,
538 990 707 1057 habebam.
752 992 808 1057 sed
829 993 973 1058 nondum
990 993 1127 1058 Romam
1149 1005 1347 1061 accusator5

306 1084 449 1151 Eumenes
465 1097 611 1162 venerat,
635 1085 692 1168 qui
714 1087 938 1152 calumniando
956 1088 1064 1153 omnia
1081 1087 1315 1172 detorquendo-

307 1200 355 1263 que
370 1191 517 1267 suspecta
540 1192 572 1246 et
593 1179 698 1245 invisa
722 1181 863 1249 efficeret
885 1193 917 1247 et
937 1181 1130 1268 persuadere
1152 1182 1244 1247 vobis
1263 1204 1316 1248 co-

305 1286 429 1353 naretur,
450 1298 517 1340 non
538 1297 633 1362 posse
651 1273 824 1342 Graeciam
845 1277 880 1342 in
900 1277 1047 1343 libertate
1065 1299 1136 1343 esse
1153 1288 1187 1343 et
1208 1289 1314 1342 vestro

306 1391 418 1436 munere
434 1368 516 1448 frui,
538 1370 646 1453 quoad
663 1393 799 1457 regnum
815 1370 1027 1437 Macedoniae
1044 1370 1203 1438 incolume
1221 1383 1314 1438 esset.

304 1463 521 1551 circumagetur
536 1465 590 1531 hic
607 1464 708 1542 orbis3
726 1465 786 1531 erit
802 1487 878 1530 mox
896 1466 952 1550 qui
969 1477 1100 1552 arguat,
1118 1464 1313 1551 nequiquam
1333 1486 1347 1533 6

303 1559 484 1624 Antiochum
498 1560 582 1625 ultra
595 1559 673 1645 iuga
681 1560 782 1624 Tauri
791 1572 942 1637 emotum,
956 1560 1200 1646 gravioremque
1214 1561 1315 1626 multo

302 1652 387 1719 Asiae
403 1675 501 1737 quam
510 1654 691 1720 Antiochus
706 1653 803 1720 fuerit
810 1654 980 1719 Eumenen
992 1677 1072 1732 esse,
1090 1653 1315 1740 conquiescere

301 1750 388 1814 socios
405 1761 528 1815 vestros
545 1771 610 1814 non
627 1771 737 1836 posse,
760 1749 866 1832 quoad
884 1750 974 1835 regia
989 1750 1143 1835 Pergami
1160 1750 1216 1815 sit:
1244 1773 1315 1816 eam

301 1864 393 1909 urcem
423 1866 521 1930 supra
546 1845 652 1930 capita
682 1843 889 1908 finitimarum
915 1844 1093 1909 civitatium
1121 1844 1314 1930 impositam.

300 1957 350 2023 ego
365 1937 455 2015 haec,
474 1936 516 2020 Q.
529 1938 636 2004 Marci
654 1949 686 2004 et
703 1939 747 2003 A.
760 1939 852 2015 Atili,
870 1959 954 2022 quac
971 1951 1027 2003 aut
1044 1961 1064 2003 a
1082 1938 1173 2004 vobis
1191 1938 1315 2004 obiecta
1333 1958 1347 2004 7

298 2043 346 2096 aut
359 2043 496 2118 purgata
514 2055 534 2097 a
550 2055 602 2098 me
619 2043 704 2109 sunt,
723 2032 799 2096 talia
816 2055 886 2099 esse
904 2033 979 2111 scio,
998 2043 1034 2097 ut
1047 2056 1151 2111 aures,
1169 2043 1206 2097 ut
1219 2032 1316 2098 animi

298 2126 484 2193 audientium
502 2127 575 2204 sint,
592 2149 653 2192 nec
666 2137 734 2192 tam
747 2127 876 2204 referre,
895 2126 973 2209 quid
987 2150 1048 2215 ego
1061 2139 1117 2193 aut
1130 2149 1195 2212 qua
1208 2138 1315 2194 mente

297 2217 416 2285 fecerim
429 2243 527 2305 quam
535 2243 599 2305 quo
608 2222 704 2286 modo
714 2221 749 2286 id
763 2242 821 2286 vos
835 2221 956 2287 factum
970 2222 1142 2309 accipiatis.
1170 2222 1315 2288 conscius
1333 2240 1349 2287 8

297 2314 365 2380 urihi
381 2339 453 2380 sum
467 2315 547 2381 nihil
562 2339 615 2382 me
633 2316 786 2382 scientem
800 2316 971 2400 deliquisse
986 2330 1028 2395 et,
1046 2318 1074 2382 si
1088 2316 1166 2401 quid
1184 2317 1315 2382 fecerim

295 2406 489 2495 inprudentia
510 2410 635 2495 lapsus,
662 2410 779 2495 corrigi
800 2422 902 2476 meet
926 2411 1088 2476 emendari
1106 2411 1315 2495 castigatione

296 2498 349 2568 hac
364 2527 467 2590 posse.
494 2504 574 2569 nihil
591 2515 676 2570 certe
692 2504 870 2570 insanabile
887 2526 947 2569 nec
966 2505 1053 2588 quod
1069 2503 1154 2568 bello
1168 2515 1200 2569 et
1218 2504 1314 2569 armis
1333 2524 1347 2571 e

295 2600 543 2683 persequendum
557 2623 626 2665 esse
641 2600 795 2665 censeatis
810 2599 964 2677 commisi,
978 2610 1034 2664 aut
1046 2599 1165 2664 frustra
1178 2599 1316 2665 clemen-

297 2691 351 2758 tiae
366 2694 596 2780 gravitatisque
613 2705 739 2760 vestrae
756 2694 844 2759 fama
861 2695 990 2779 volgata
1007 2717 1065 2779 per
1081 2705 1193 2780 gentes
1212 2703 1269 2771 est,
1288 2692 1316 2759 si

297 2786 401 2854 atibus
421 2789 461 2854 de
479 2789 599 2866 causis,
623 2812 707 2873 quae
723 2790 778 2854 vix
796 2790 927 2873 querela
945 2801 977 2855 et
994 2788 1248 2875 expostulatione
1266 2789 1314 2853 di-

299 2901 370 2964 gnae
387 2893 473 2960 sunt,
491 2907 581 2948 arma
598 2884 710 2969 capitis
728 2897 762 2948 et
778 2885 909 2970 regibus
927 2884 1021 2950 sociis
1040 2884 1123 2950 bella
1140 2882 1283 2950 infertis'

353 2977 564 3043 XXXXIII.
591 2980 684 3044 Haec
702 2978 862 3044 dicentem
880 2991 1002 3046 etcum
1020 2979 1158 3044 adsensu
1170 2978 1315 3044 Marcius
1336 3000 1346 3045 1

305 3064 426 3153 [audivit
442 3070 489 3158 et]
506 3084 617 3138 auctor
629 3073 692 3138 fuit
708 3072 855 3139 mittendi
863 3073 1001 3139 Romam
1017 3072 1151 3158 legatos,
1169 3094 1243 3137 cum
1261 3095 1316 3137 ex·

305 3166 437 3245 perdenda
455 3167 564 3231 omnia
586 3167 627 3232 ad
649 3168 798 3234 ultimum
815 3190 875 3234 nec
897 3167 1209 3254 praetermittendam
1226 3189 1317 3253 spem

307 3256 386 3324 ullam
402 3261 588 3327 censuisset.
619 3262 743 3346 reliqua
760 3263 949 3328 consultatio
966 3273 1044 3338 erat,
1063 3283 1203 3346 quonam
1220 3260 1316 3325 modo
1335 3282 1350 3328 r

308 3357 391 3418 lutum
408 3354 471 3420 iter
490 3356 606 3440 legatis
627 3367 721 3422 esset.
765 3357 808 3422 ad
829 3358 863 3422 id
883 3354 984 3443 [cum]
1004 3355 1184 3421 necessaria
1205 3354 1316 3441 petitio

309 3439 484 3515 indutiarum
510 3451 686 3528 videretur,
713 3463 907 3537 cuperetque
927 3450 1071 3516 Marcius
1096 3472 1202 3535 neque
1228 3449 1316 3516 aliud

310 3543 459 3628 conloquio
472 3545 613 3630 petisset,
631 3557 764 3631 gravate
773 3557 805 3612 et
818 3546 852 3611 in
865 3569 1017 3632 magnam
1031 3546 1168 3631 gratiam
1180 3545 1316 3631 petentis

310 3640 455 3705 concessit.
498 3639 578 3704 nihil
600 3642 685 3705 enim
707 3640 784 3705 satis
807 3651 956 3726 paratum
973 3640 1015 3704 ad
1036 3641 1156 3705 bellum
1173 3642 1207 3706 in
1223 3662 1316 3726 prae-
1334 3659 1349 3706 3

308 3733 389 3799 tenh'a
401 3734 566 3800 habebant
574 3735 723 3813 Romani,
741 3757 806 3800 non
819 3734 1004 3811 exercitum,
1021 3756 1086 3800 non
1100 3735 1225 3811 ducem,
1243 3755 1317 3799 cum

307 3818 443 3906 Perseus,
468 3829 503 3893 ni
520 3852 594 3915 spes
612 3852 696 3895 vana
712 3830 802 3916 pacis
820 3841 1020 3896 occaecasset
1038 3830 1183 3906 consilia,
1211 3828 1318 3894 omnia

305 3934 477 4009 praeparata
493 3935 589 4007 atque
606 3924 761 3990 instructa
778 3924 939 4006 [haberet]
957 3935 989 3989 et
1006 3946 1064 3989 suo
1082 3924 1220 3988 maxime
1237 3932 1317 3986 tem·

303 4028 480 4102 pereatque
498 4017 602 4082 alieno
620 4018 764 4084 hostibus
781 4018 922 4104 incipere
939 4018 1058 4084 bellum
1075 4030 1192 4104 posset

353 4112 409 4176 Ab
431 4112 494 4178 hoc
520 4112 688 4197 conloquio
710 4113 774 4178 fide
796 4112 992 4178 indutiarum
1012 4112 1199 4197 interposita
1220 4107 1351 4194 legatia

300 4200 427 4272 Romani
444 4207 479 4272 in
495 4207 665 4273 Boeotiam
684 4209 848 4294 conparati
866 4219 949 4273 sunt.
981 4207 1026 4272 ibi
1043 4207 1107 4271 iam
1124 4217 1229 4269 motus
1247 4225 1319 4268 coe-
1336 4227 1352 4271 o

300 4312 381 4381 perat
409 4324 482 4368 esse
514 4301 752 4369 discedentibus
779 4328 800 4368 a
825 4302 977 4368 societate
1003 4299 1178 4366 communis
1205 4297 1320 4364 concili

1360 4467 1440 4541 Ι·
