3359 5092
355 534 418 603 138
542 543 661 602 LIBER
676 541 866 614 XXXXHH‚
884 542 927 598 33.
941 542 984 598 34
1004 543 1189 616 [accede]

353 705 429 772 oriri
446 704 593 771 omnibus
614 701 693 767 locis
711 713 743 767 et
760 700 848 787 prius
866 699 973 766 hostes
992 721 1089 783 quam
1106 699 1209 786 ipsos,
1231 702 1307 786 quid
1322 726 1366 790 pa·
1394 741 1397 762 .

320 823 334 870 r
353 813 450 876 retur,
469 798 558 865 scire.
602 797 728 882 placere
745 794 845 881 igitur
862 794 1025 860 tribunum
1043 795 1179 862 militum
1197 797 1299 883 primo
1314 799 1365 885 pilo

352 894 487 981 legionis
505 903 662 959 secretum
680 890 775 956 edere
792 889 962 975 imperium
967 913 976 966 ;
994 889 1085 954 illum
1098 901 1131 956 et
1146 891 1221 958 dein
1239 889 1363 978 singulos

352 988 497 1074 proximo
520 986 636 1070 cuique
659 986 692 1050 in
715 984 825 1050 ordine
848 983 1025 1050 centurioni
1051 984 1173 1062 dicere,
1200 985 1278 1070 quid
1299 1009 1363 1073 opus

351 1083 437 1149 facto
454 1081 504 1160 sit,
523 1082 590 1147 sive
605 1104 625 1146 a
641 1079 752 1166 primis
770 1078 869 1164 signis
886 1078 927 1143 ad
944 1078 1154 1144 novissimum
1167 1103 1295 1167 agmen,
1312 1081 1362 1147 sive

318 1200 333 1248 8
352 1178 394 1242 ab
408 1177 557 1243 extremis
574 1175 616 1240 ad
629 1176 748 1262 primos
762 1173 991 1260 perferundum
1005 1174 1175 1260 imperium
1190 1176 1241 1242 sit.
1269 1176 1362 1263 vigiles

351 1273 447 1338 etiam
461 1294 545 1337 novo
554 1293 643 1336 more
652 1280 779 1335 scutum
790 1269 825 1334 in
838 1268 982 1355 vigiliam
994 1270 1077 1336 ferre
1087 1271 1204 1337 vetuitr
1222 1272 1362 1338 nonenim

350 1368 383 1431 in
400 1389 544 1453 pugnam
561 1365 691 1452 vigilem
707 1364 769 1441 ire,
791 1375 828 1429 ut
846 1365 942 1429 armis
965 1375 1087 1442 utatur,
1110 1366 1168 1431 sed
1186 1367 1229 1431 ad
1247 1367 1362 1452 vigilan·

351 1462 438 1539 dum,
456 1472 493 1526 ut
510 1483 584 1526 cum
598 1459 731 1526 senserit
743 1458 884 1524 hostium
899 1459 1081 1535 adventum,
1098 1460 1234 1547 recipiat
1247 1485 1282 1529 se
1296 1460 1361 1529 exui

317 1577 331 1624 9
353 1567 460 1639 tetque
474 1556 515 1620 ad
533 1577 622 1620 arma
641 1554 730 1620 alios.
758 1563 849 1619 scuto
862 1576 939 1640 prae
953 1577 988 1620 se
1001 1566 1107 1620 erecto
1122 1566 1208 1622 stare
1221 1558 1360 1643 galeatos

350 1650 463 1716 deinde
478 1650 535 1715 ubi
548 1649 624 1715 fessi
642 1649 713 1725 sint,
730 1647 858 1714 innixos
874 1649 950 1734 pilo,
969 1648 1072 1735 capite
1090 1672 1188 1736 super
1201 1653 1359 1738 marginem
1392 1697 1397 1726 -,

349 1746 431 1811 scuti
453 1745 572 1832 posito,
600 1743 719 1830 sopitos
745 1755 845 1822 stare,
871 1756 906 1809 ut
925 1742 1035 1831 [vigil]
1058 1744 1261 1831 fulgentibus
1283 1745 1358 1813 armis

298 1859 330 1908 10
348 1843 459 1927 procul
478 1840 618 1926 conspici
636 1840 678 1905 ab
694 1838 786 1905 hoste
803 1839 914 1925 possit,
931 1840 1000 1925 ipse
1013 1839 1092 1904 nihil
1109 1841 1288 1926 provideat.
1312 1852 1358 1907 sta·
1391 1881 1397 1904 2

347 1936 470 2001 tionum
481 1958 611 2022 quoque
625 1958 746 2001 morem
759 1934 903 2000 mutavit.
931 1935 1045 2000 armati
1059 1957 1181 2015 omnes,
1201 1949 1233 2003 et
1246 1935 1356 2004 frenels
1388 2001 1397 2012 ,

347 2030 437 2115 equis
465 2030 601 2115 equites,
629 2029 714 2095 diem
739 2040 843 2095 totum
865 2029 1064 2114 perstabant3
1090 2029 1125 2095 id
1148 2052 1224 2097 cum
1249 2030 1355 2099 aestivis
1390 2070 1397 2108 3

347 2125 460 2192 diebus
482 2135 595 2191 urente
617 2123 751 2189 adsiduo
769 2125 835 2190 sole
856 2124 961 2202 fieret,
989 2136 1035 2190 tot
1055 2124 1207 2191 horarum
1231 2137 1355 2194 aestuet

347 2221 500 2306 languore
512 2220 599 2305 ipsos
613 2240 776 2302 equosque
789 2219 891 2284 fessos
903 2218 1021 2306 integri
1038 2242 1133 2306 saepe
1148 2222 1252 2287 adorti
1269 2223 1354 2288 hostes
1386 2237 1397 2296 ;“

297 2334 326 2380 11
346 2315 398 2380 vel
415 2313 510 2400 pauci
531 2314 639 2399 plures
657 2313 826 2379 vexabant.
870 2313 979 2397 itaque
1002 2336 1042 2380 ex
1059 2316 1217 2381 matutina
1239 2317 1353 2383 statione

346 2410 387 2474 ad
404 2408 571 2475 meridiem
588 2408 699 2474 decedi
712 2419 743 2473 et
760 2408 794 2472 in
811 2408 1092 2493 postmeridianam
1105 2412 1278 2478 succedere
1293 2411 1353 2477 alios

344 2503 450 2581 iussit3
467 2502 512 2568 ita
521 2524 696 2588 numquam
705 2501 857 2587 fatigatos
866 2524 976 2568 recens
986 2502 1085 2568 hostis
1095 2504 1231 2591 adgredi
1238 2515 1351 2593 potent

312 2620 325 2665 1
408 2595 601 2662 XXXIIII.
628 2598 721 2664 Haec
739 2618 813 2661 cum
825 2596 871 2661 ita
883 2595 952 2663 fieri
969 2597 1095 2682 placere
1114 2600 1262 2667 contione
1275 2601 1352 2667 advo·

345 2703 415 2757 cata
428 2692 673 2778 pronuntiasset,
692 2690 809 2757 adiecit
823 2691 964 2758 urbanae
978 2692 1118 2759 contioni
1131 2697 1352 2762 convenientem
1395 2735 1396 2740 κ

312 2807 327 2853 2
346 2786 536 2852 orationem:
564 2810 665 2852 unum
684 2786 909 2871 imperatorem
931 2787 964 2851 in
987 2787 1129 2854 exercitu
1150 2792 1351 2875 provideres

345 2881 509 2947 consulere
532 2879 609 2964 quid
630 2880 791 2966 agendum
808 2880 851 2945 sit
868 2880 999 2958 debere,
1025 2903 1112 2947 nunc
1133 2906 1194 2969 per
1211 2908 1261 2963 se,
1286 2903 1350 2952 nunt

345 2996 419 3039 cum
435 2974 489 3052 iis,
507 2996 587 3057 quos
606 2974 809 3039 advocaverit
825 2974 860 3040 in
878 2975 1060 3054 consilium
1079 2978 1135 3061 qui
1152 3002 1220 3044 non
1237 2981 1298 3046 sint
1311 2977 1350 3044 sd·
1387 3013 1396 3018 -

344 3068 463 3146 vocati,
491 3090 545 3134 eos
567 3091 628 3135 nec
650 3068 757 3154 palam
778 3091 839 3134 nec
863 3081 984 3136 secreto
1005 3070 1125 3138 iactare
1149 3075 1281 3140 consilia
1300 3095 1348 3140 sue

309 3183 324 3232 3
342 3163 475 3230 militem
492 3163 572 3230 haec
590 3163 651 3229 tria
667 3175 780 3230 'curare
796 3164 922 3241 debere,
941 3186 1056 3250 corpus
1073 3177 1227 3251 utquam
1244 3168 1348 3236 validis

343 3258 458 3324 simum
477 3270 509 3325 et
526 3258 779 3345 pernicissimum
796 3258 924 3337 habeat,
942 3282 1032 3325 arma
1049 3272 1134 3347 apta,
1153 3263 1262 3329 cibum
1278 3283 1348 3351 pare
1384 3343 1388 3348 ⁵

307 3374 324 3420 4
343 3365 412 3419 tum
429 3353 471 3419 ad
489 3355 594 3420 subita
610 3354 758 3440 imperia3
782 3366 888 3420 cetera
905 3355 985 3420 scire
1004 3356 1044 3420 de
1062 3379 1096 3422 se
1115 3357 1164 3422 dis
1187 3355 1348 3425 immortuli·

342 3447 403 3512 bus
422 3459 453 3513 et
469 3448 652 3533 imperatori
669 3471 728 3514 suo
746 3471 841 3515 curae
860 3473 939 3516 esse.
965 3451 1000 3516 in
1017 3472 1081 3535 quo
1096 3456 1240 3522 exercitu
1256 3454 1346 3520 milite
1394 3483 1396 3500 =

343 3541 538 3619 consultent,
555 3542 726 3629 imperator
742 3543 924 3610 rumoribus
942 3545 1033 3631 vulgi
1050 3545 1297 3637 circumagatur,
1314 3544 1345 3612 iu·
1386 3601 1397 3610 .

308 3655 323 3703 5
341 3634 419 3700 nihil
437 3635 573 3702 salutare
588 3660 667 3702 esse.
694 3661 739 3714 se,
757 3638 845 3722 quod
858 3638 900 3704 sit
913 3638 1055 3705 officium
1066 3640 1277 3728 imperatoris,
1292 3663 1346 3729 pro·

342 3727 500 3806 visurum,
527 3741 563 3795 ut
584 3730 666 3798 bene
688 3733 848 3818 gerendae
869 3733 916 3799 rei
934 3734 1135 3802 occasionem
1156 3740 1184 3802 is
1202 3738 1344 3824 praebeat:

340 3824 411 3890 illos
429 3824 507 3890 nihil
526 3824 604 3910 quid
621 3825 765 3893 futurum
783 3828 824 3893 sit
836 3851 989 3913 quaerere
1003 3828 1163 3920 [debere],
1182 3836 1240 3900 ubi
1257 3835 1345 3900 daun
1393 3832 1396 3838 ’

307 3938 321 3987 6
340 3918 468 4005 signum
485 3918 536 3996 sit,
555 3930 623 3988 tum
639 3921 808 3988 militarem
817 3921 978 4012 [operam]
992 3949 1121 3993 navare.
1149 3928 1192 3993 ab
1210 3929 1258 3995 his
1274 3947 1346 4015 prae·

339 4013 440 4101 ceptis
454 4014 634 4081 contionem
648 4015 776 4095 dimisit,
789 4019 885 4105 volgo
900 4019 996 4086 etiam
1009 4021 1167 4088 veteranis
1182 4022 1344 4094 fatentibus
1393 4079 1396 4106 ς

340 4131 374 4174 se
386 4108 441 4174 illo
455 4109 593 4197 primum
608 4110 670 4187 die,
689 4122 853 4198 tamquam
866 4113 994 4194 tirones,
1012 4117 1091 4202 quid
1104 4119 1266 4203 agendum
1280 4123 1344 4184 esso
1394 4157 1397 4164 >

305 4201 374 4269 rin
389 4225 424 4269 re
441 4203 569 4270 militari
586 4204 744 4272 didicisse.
771 4230 836 4275 non
854 4209 1052 4276 sermonibus
1070 4223 1195 4278 tantum
1213 4212 1270 4290 his,
1286 4229 1343 4277 cun

338 4309 459 4382 quanto
481 4299 620 4367 &sensu
646 4300 808 4370 auffissent
837 4304 938 4372 verba
963 4307 1117 4386 consulis,
1148 4308 1344 4380 ostendunt
