3359 5092
455 527 574 584 anan
590 527 748 604 xxxxv,
767 529 810 584 19.
829 529 984 600 [acra]
1172 517 1234 584 167

303 687 388 752 duae
409 687 444 750 in
466 687 604 773 speciem
622 687 774 753 honestae
796 709 862 764 res,
885 710 951 752 una
972 688 1143 774 gratulatio
1162 708 1237 754 con-

285 806 338 848 ans
355 783 389 847 in
403 805 442 848 ea
455 782 598 858 victoria,
617 805 714 868 quam
731 783 800 869 ipse
814 781 998 859 adiuvisset,
1017 784 1116 849 altera
1134 785 1238 872 queri·

285 878 314 942 ia
333 875 451 943 Gallici
469 878 624 942 turnultus
646 889 860 964 acceptaeque
878 877 992 954 cladis,
1015 900 1079 962 qua
1102 900 1237 964 regnum

285 972 393 1037 ubium
410 970 586 1037 adductum
609 983 703 1050 esset.
747 971 878 1037 suberat
896 982 928 1037 et
950 985 1073 1038 secreta
1090 995 1162 1058 spes
1180 972 1237 1038 ho·
1255 994 1272 1039 4

285 1091 320 1130 m
338 1066 618 1153 praemiorumque
636 1065 677 1130 ab
696 1077 819 1144 senatu,
838 1087 922 1150 quae
940 1066 995 1130 vix
1012 1067 1102 1131 salva
1118 1067 1236 1153 pietate

285 1162 441 1247 intingere
458 1171 616 1247 poterant.
645 1159 763 1248 [erant]
780 1160 865 1226 enim
878 1161 1009 1244 quidam
1018 1160 1238 1226 Romanorum

285 1278 336 1340 [ue
354 1278 419 1319 non
436 1255 514 1320 boni
536 1265 695 1332 auctores,
718 1256 775 1340 qui
797 1278 854 1341 spe
872 1255 1078 1341 cupiditatem
1096 1255 1163 1321 eius
1182 1255 1238 1321 eli-

285 1361 330 1427 nt3
348 1373 421 1415 eam
439 1350 622 1436 opinionem
641 1350 680 1415 de
689 1350 802 1414 Attalo
820 1361 853 1415 et
862 1348 1008 1416 Eumene
1017 1350 1140 1416 Rornae
1155 1372 1235 1427 esse,
1255 1368 1270 1416 5

285 1468 374 1529 quam
391 1444 431 1510 de
450 1445 549 1510 altero
567 1443 722 1509 Romanis
742 1455 827 1509 certo
846 1444 958 1522 amico,
977 1444 1076 1509 altero
1093 1465 1154 1510 neo
1171 1443 1238 1510 Ro-

285 1539 310 1604 is
319 1562 381 1604 neo
388 1539 500 1605 Persei
513 1539 578 1603 fido
592 1538 687 1604 socio.
714 1538 823 1623 itaque
832 1539 888 1604 vix
901 1539 998 1604 statui
1011 1561 1116 1625 posse,
1128 1549 1237 1604 utrum
1256 1556 1271 1605 6

285 1660 289 1697 e
307 1656 367 1719 pro
386 1657 436 1711 se,
459 1657 501 1698 an
518 1656 600 1718 quae
619 1645 729 1698 contra
750 1634 882 1699 fratrem
899 1634 1056 1719 petiturus
1075 1643 1174 1712 esset,
1197 1633 1239 1698 ab

285 1741 321 1791 tu
341 1728 446 1813 magis
468 1726 669 1814 inpetrabilia
691 1727 811 1805 forent3
837 1728 919 1792 adeo
941 1729 1104 1794 universos
1132 1726 1240 1794 omnia

285 1823 332 1888 uic
348 1822 489 1887 tribuere
508 1833 540 1887 et
556 1823 601 1886 illi
619 1844 696 1887 vero
713 1845 841 1909 negare.
878 1844 988 1887 eorum
1004 1822 1185 1901 hominum,
1202 1831 1239 1887 ut
1257 1841 1271 1887 7

285 1918 402 1994 locuit,
420 1917 551 1981 Attalus
569 1928 651 1994 erat,
675 1918 732 2002 qui
750 1928 907 2002 quantum
925 1941 997 2004 spes
1016 1916 1239 2003 spopondisset

285 2023 376 2088 erent,
402 2011 437 2075 ni
458 2011 553 2075 unius
576 2011 670 2076 amici
691 2012 832 2097 prudens
860 2012 993 2077 monitio
1015 2012 1105 2078 velut
1129 2010 1238 2078 frenos

285 2128 315 2171 ιο
333 2106 402 2172 eius
420 2105 570 2192 gestienti
587 2106 734 2171 secundis
752 2107 849 2172 rebus
867 2107 1070 2193 inposuisset.
1098 2104 1238 2172 Stratius
1256 2124 1272 2172 8

299 2224 339 2267 eo
359 2201 422 2266 fuit
438 2201 591 2279 medicus,
610 2201 652 2266 ad
668 2202 702 2265 id
718 2202 824 2288 ipsum
843 2226 863 2267 a
879 2225 945 2267 non
962 2223 1074 2268 securo
1091 2199 1239 2267 Eumene

285 2320 347 2361 ram
363 2296 496 2374 missus,
514 2296 694 2382 speculator
710 2319 832 2374 rerum,
852 2318 934 2380 quae
952 2320 972 2360 a
989 2296 1088 2361 stane
1106 2318 1239 2381 ageren-

298 2391 501 2475 monitorque
518 2391 617 2467 fidus,
640 2392 667 2455 si
690 2392 802 2457 decedi
818 2391 882 2457 fide
900 2391 1040 2457 vidisset
1075 2391 1103 2456 is
1121 2391 1164 2455 ad
1185 2411 1239 2454 oc-
1257 2408 1271 2456 9

285 2497 342 2550 itas
374 2486 440 2551 iam
471 2509 563 2552 aures
595 2486 864 2570 sollicitatumque
894 2485 959 2550 iam
990 2486 1133 2551 animum
1164 2507 1239 2551 cum

285 2592 363 2658 sset,
397 2580 567 2666 adgressus
593 2581 789 2667 tempestivis
816 2580 1016 2646 sermonibus
1043 2604 1112 2646 rem
1138 2603 1238 2667 prope

285 2699 392 2763 apsam
406 2675 554 2753 restituit,
568 2676 626 2742 alis
641 2677 704 2741 alia
717 2699 819 2763 regna
827 2676 965 2742 crevisse
979 2676 1076 2742 rebus
1086 2676 1237 2742 dicendo:

285 2795 344 2835 um
368 2793 478 2837 eorum
496 2793 630 2848 novum,
652 2771 748 2837 nullis
766 2772 900 2838 vetustis
923 2771 1095 2838 fundatum
1112 2771 1237 2858 opibus,
1258 2791 1290 2839 10
1341 2785 1343 2790 '

285 2889 351 2930 arna
378 2877 461 2930 stare
488 2866 673 2944 concordia,
701 2865 788 2951 quod
810 2888 894 2932 unus
916 2888 1033 2932 nomen
1058 2867 1185 2953 regium
1207 2876 1239 2931 et

287 2960 419 3046 cipuum
437 2960 548 3045 capitis
565 2960 691 3047 insigne
708 2972 815 3048 gerat,
833 2984 944 3027 omnes
961 2962 1076 3027 fratres
1093 2971 1238 3048 regnent.

285 3056 358 3120 lum
372 3077 459 3133 vero,
478 3055 534 3140 qui
551 3065 656 3121 aetate
673 3056 837 3142 proximus
852 3058 902 3134 sit,
921 3057 993 3140 quis
1007 3078 1072 3120 non
1089 3079 1148 3142 pro
1162 3078 1239 3141 rege
1259 3077 1289 3123 11

285 3150 345 3216 tat?
362 3171 467 3233 neque
485 3172 523 3214 eo
537 3150 651 3227 solum,
670 3150 745 3235 quia
758 3162 863 3216 tantas
880 3162 1064 3238 praesentes
1079 3151 1147 3215 eius
1162 3172 1239 3236 opes

286 3255 335 3322 at,
359 3242 417 3309 sed
440 3244 527 3329 quod
550 3243 637 3308 haud
659 3244 848 3331 ambiguum
868 3266 968 3331 prope
986 3242 1072 3309 diem
1089 3255 1240 3330 regnatu-

300 3362 375 3404 eum
392 3338 575 3404 infirmitate
593 3349 761 3424 aetateque
779 3338 935 3405 Eumenis
953 3339 1010 3417 sit,
1028 3339 1150 3403 nullam
1168 3339 1240 3404 stir-

301 3434 439 3499 liberum
463 3432 610 3499 habentis
626 3470 671 3481 —
687 3435 826 3500 necdum
849 3434 934 3500 enim
957 3444 1132 3520 agnoverat
1155 3456 1239 3511 eum,

285 3540 397 3614 postea
410 3528 618 3615 regnavit—.
645 3529 723 3614 quid
741 3529 884 3594 adtinere
902 3528 968 3593 vim
982 3528 1107 3594 adferre
1122 3528 1169 3594 rei
1182 3551 1240 3594 sua
1260 3549 1290 3596 12

285 3635 324 3687 rte
347 3622 389 3687 ad
412 3645 486 3688 eum
509 3645 585 3687 mox
607 3624 782 3690 venturae?
809 3623 982 3689 accessisse
1004 3624 1099 3689 etiam
1121 3646 1239 3690 novam

285 3727 435 3803 pestatem
451 3740 551 3804 regno
569 3718 724 3784 tumultus
744 3716 871 3796 Gallici,
890 3718 942 3783 cui
959 3718 1015 3782 vix
1032 3740 1189 3785 consensu
1207 3731 1239 3785 et

285 3812 384 3877 tordia
400 3834 514 3898 regum
531 3812 635 3877 resisti
652 3825 759 3897 queat.
787 3814 815 3878 si
833 3834 910 3880 vero
927 3813 969 3878 ad
987 3824 1154 3880 externum
1171 3816 1239 3882 bel·
1260 3833 1290 3879 13

306 3907 482 3972 domestica
509 3908 622 3973 seditio
648 3908 819 3985 adiciatur,
847 3907 916 3973 sisti
941 3930 1006 3974 non
1032 3930 1137 3995 posse.
1180 3931 1240 3974 nec

285 4001 394 4066 deum
416 4023 527 4085 quam,
554 4025 595 4067 ne
616 4002 715 4067 frater
731 4000 766 4066 in
783 4024 882 4088 regno
900 4003 1068 4080 moriatur,
1095 4002 1156 4068 sibi
1178 4002 1240 4087 ipsi

285 4119 303 4159 n
327 4096 542 4182 propinquam
559 4098 651 4183 regui
668 4108 862 4184 erepturum.
907 4098 934 4162 si
951 4108 1086 4181 utraque
1103 4094 1241 4183 gloriosa
1260 4114 1292 4162 14

285 4201 382 4268 esset,
405 4203 438 4258 et
455 4215 598 4258 servasse
620 4192 711 4258 fratri
728 4216 864 4280 regnum
882 4204 915 4260 et
932 4192 1101 4280 eripuisse,
1124 4189 1241 4255 servati

285 4309 322 4353 en
348 4286 454 4372 regni,
482 4309 564 4372 quae
587 4288 696 4353 iuncta
717 4287 828 4373 pietati
851 4288 906 4367 sit,
933 4288 1090 4374 potiorem
1112 4285 1241 4352 laudem
