3359 5092
522 499 641 570 mnan
656 514 817 586 xxxxn,
836 515 936 571 5551.
956 515 1110 586 [nonu]
1285 504 1329 572 55

301 684 349 738 est
368 671 496 749 deinde,
514 694 554 737 ne
571 694 656 736 novo
674 672 773 751 bello,
792 685 858 738 tam
876 674 1057 760 propinquo
1075 674 1198 753 Italiae,
1217 677 1329 741 adver·

302 792 355 833 sus
373 789 485 853 regem
502 767 770 853 potentissimum,
789 779 845 834 aut
863 769 1007 834 tribunos
1024 769 1161 836 militum
1179 772 1327 837 dilectum

301 861 450 927 habentis
463 861 652 946 inpedirent,
671 875 727 926 aut
743 863 947 947 prohiberent
961 863 1133 939 consulem,
1152 886 1248 949 quem
1262 866 1329 930 cui-
1346 887 1361 935 6

302 978 364 1040 que
383 955 528 1020 ordinem
545 956 707 1041 adsignari
724 980 790 1022 ere
808 958 937 1042 publiea
951 969 1043 1036 esset,
1062 981 1136 1024 eum
1149 960 1327 1046 adsignare.

303 1050 425 1133 siquid
441 1049 476 1113 in
494 1073 532 1115 ea
549 1073 583 1115 re
602 1050 735 1116 dubium
753 1067 846 1129 esset,
865 1054 907 1117 ad
925 1063 1070 1118 senatum
1087 1054 1251 1119 reicerent.

365 1144 559 1209 XXXIIII.
587 1145 765 1228 Postquam
779 1146 891 1211 consul
908 1168 991 1230 quae
1004 1148 1148 1213 voluerat
1161 1148 1251 1225 dixit,
1270 1146 1327 1234 Sp.
1348 1170 1361 1215 1

304 1239 493 1325 Ligustinus
513 1262 554 1303 ex
570 1261 608 1304 eo
626 1262 774 1317 numero,
798 1240 853 1324 qui
871 1240 1015 1305 tribunos
1033 1243 1285 1327 appellaverant,
1310 1265 1329 1306 a

306 1334 432 1398 consule
451 1345 484 1397 et
506 1332 548 1396 ab
566 1332 701 1398 tribunis
717 1334 824 1420 petiit,
847 1346 884 1398 ut
906 1335 967 1400 sibi
989 1337 1099 1420 paucis
1117 1338 1159 1401 ad
1176 1337 1330 1423 populum

308 1449 398 1512 agere
416 1426 536 1490 liceret.
568 1426 726 1511 permissu
743 1428 886 1492 omnium
903 1429 949 1493 ita
965 1429 1089 1494 locutus
1107 1431 1217 1495 fertur.
1253 1429 1328 1515 ‘Sp
1348 1450 1362 1496 2

307 1519 493 1605 Ligustinus
511 1520 612 1585 tribus
628 1517 855 1588 Crustuminae
872 1546 913 1587 ex
932 1521 1060 1589 Sabinis
1078 1547 1149 1588 sum
1167 1524 1328 1602 oriundus,

308 1612 456 1694 Quirites.
500 1625 592 1699 pater
618 1614 697 1679 mihi
722 1615 870 1701 iugerum
896 1617 966 1703 agri
991 1618 1119 1701 reliquit
1140 1631 1171 1682 et
1196 1640 1329 1703 parvom

307 1707 481 1792 tugurium,
508 1706 543 1771 in
560 1728 624 1792 quo
641 1719 735 1773 natus
753 1709 970 1794 educatusque
993 1734 1079 1787 sum3
1106 1711 1262 1793 hodieque
1284 1711 1329 1776 ibi

307 1801 421 1866 habito.
449 1824 523 1867 cum
540 1802 679 1887 primum
697 1803 731 1867 in
745 1816 883 1869 aetatem
895 1806 978 1881 veni,
996 1816 1088 1891 pater
1105 1806 1183 1869 mihi
1197 1827 1326 1871 uxorem
1347 1825 1360 1871 5

307 1896 408 1961 fratris
427 1896 477 1960 sui
494 1896 593 1961 filiam
611 1897 713 1974 dedit,
736 1919 819 1981 quae
838 1920 947 1963 secum
969 1900 1047 1963 nihil
1070 1900 1185 1965 adtulit
1205 1910 1330 1984 praeter

306 1991 481 2056 libertatem
495 1992 745 2076 pudicitiamque
758 2004 789 2057 et
806 2014 880 2057 cum
893 1992 943 2057 his
957 1992 1195 2071 fecunditatem,
1210 2004 1330 2076 quanta

306 2088 353 2152 vel
373 2088 408 2151 in
432 2086 490 2150 diti
513 2087 606 2151 domo
630 2087 706 2151 satis
726 2097 818 2151 esset.
864 2110 920 2152 sex
942 2087 988 2151 fili
1009 2087 1116 2166 nobis,
1143 2088 1225 2153 duae
1246 2088 1364 2153 filiast

306 2195 385 2260 aunt,
405 2193 561 2266 utraeque
578 2182 642 2246 iam
659 2194 788 2267 nuptae.
815 2181 862 2245 fili
880 2193 1030 2265 quattuor
1047 2193 1139 2269 togas
1156 2183 1255 2247 virilis
1273 2181 1330 2247 ha-

305 2276 388 2354 bent,
409 2277 473 2340 duo
491 2276 681 2360 praetextati
698 2287 783 2340 sunt.
810 2276 901 2341 miles
921 2299 992 2341 sum
1010 2276 1113 2341 factus
1131 2276 1170 2341 P.
1178 2276 1332 2362 Sulpicio,

306 2368 342 2434 C.
351 2370 487 2435 Aurelio
501 2370 696 2434 consulibus.
722 2371 756 2435 in
770 2392 808 2435 eo
822 2371 974 2447 exercitu,
993 2370 1048 2454 qui
1061 2370 1330 2436 inMacedoniam
1348 2392 1362 2436 5

305 2476 350 2530 est
368 2475 616 2548 transportatus,
638 2463 801 2528 biennium
822 2464 912 2529 miles
930 2464 1095 2548 gregarius
1113 2463 1161 2527 fui
1179 2464 1330 2528 adversus

303 2557 490 2643 Philippum
516 2580 641 2643 regem3
674 2558 767 2623 tertio
792 2580 877 2623 anno
908 2557 1032 2620 virtutis
1060 2578 1157 2621 causa
1187 2556 1265 2620 mihi
1290 2557 1329 2621 Τ.

305 2650 475 2733 Quinctius
492 2651 694 2717 Flamininus
717 2654 887 2717 decumum
905 2651 1048 2716 ordinem
1069 2650 1230 2716 hastatum
1248 2651 1331 2716 adsi-

304 2747 422 2832 gnavit.
452 2746 578 2811 devicto
592 2746 743 2831 Philippo
752 2745 1050 2827 Macedonibusque
1068 2767 1142 2809 cum
1158 2746 1192 2809 in
1204 2745 1331 2810 Italiam
1349 2763 1364 2809 6

303 2841 420 2925 portati
447 2863 485 2904 ac
513 2840 634 2904 dimissi
661 2863 815 2916 essemus,
844 2839 992 2904 continuo
1018 2839 1109 2905 miles
1135 2840 1330 2904 voluntarius

304 2957 375 2999 cum
389 2934 440 2997 M.
450 2933 567 2998 Porcio
586 2935 715 2999 consule
732 2935 766 2999 in
779 2934 971 3018 Hispaniam
989 2956 1060 2998 sum
1077 2933 1250 3020 profectus.
1276 2957 1332 2998 ne-
1351 2952 1364 2997 1

304 3028 422 3093 minem
432 3029 575 3092 omnium
589 3029 826 3113 imperatorum,
843 3027 898 3110 qui
911 3028 1030 3103 vivant,
1045 3028 1198 3093 acriorem
1207 3028 1331 3093 virtutis

304 3133 516 3207 spectatorem
531 3145 569 3186 55
586 3121 724 3186 iudicem
741 3122 839 3185 fuisse
859 3120 963 3186 sciunt
981 3121 1080 3203 quiet
1096 3120 1187 3184 illum
1205 3132 1237 3184 et
1254 3121 1332 3184 alios

305 3217 403 3281 duces
416 3216 515 3301 longa
529 3215 642 3280 mihtia
651 3216 774 3300 experti
788 3226 872 3279 sunt.
890 3215 942 3279 hic
955 3238 1006 3279 me
1020 3215 1191 3299 imperator
1200 3213 1333 3299 dignum

304 3310 473 3387 iudicavit,
504 3309 556 3373 cui
582 3309 721 3395 primum
743 3308 904 3374 hastatum
930 3309 1042 3395 prioris
1066 3307 1227 3373 centuriae
1250 3307 1333 3372 adsi·

305 3415 429 3490 gnaret.
474 3403 568 3468 tertio
593 3403 708 3468 iterum
735 3403 931 3468 voluntarius
958 3403 1048 3466 miles
1075 3402 1178 3466 factus
1205 3424 1275 3465 sum
1300 3402 1367 3466 ins

306 3521 379 3564 cum
393 3496 580 3574 exercitum,
598 3497 654 3580 qui
668 3497 821 3562 adversus
830 3497 963 3562 Aetolos
973 3508 1006 3561 et
1014 3496 1211 3561 Antiochum
1225 3518 1335 3580 regem

306 3603 354 3659 est
375 3592 504 3657 missus.
548 3614 568 3655 a
590 3591 649 3654 Μ’.
668 3590 774 3655 Acilio
797 3591 877 3655 mihi
906 3590 1027 3676 primus
1054 3590 1201 3676 princeps
1222 3589 1334 3674 prioris

308 3687 469 3754 centuriae
488 3696 536 3752 est
551 3686 745 3771 adsignatus.
774 3685 907 3769 expulso
920 3707 997 3770 rege
1006 3683 1176 3761 Antiocho,
1195 3682 1334 3747 subactis
1352 3700 1367 3749 9

307 3783 433 3849 Aetolis
451 3780 602 3866 reportati
620 3803 730 3844 sumus
747 3780 781 3844 in
798 3779 940 3855 Italiam,
963 3791 994 3844 et
1013 3778 1162 3863 deinceps
1184 3777 1233 3841 bis
1251 3797 1334 3861 quae

308 3900 416 3941 annua
438 3875 604 3940 merebant
626 3874 768 3960 legiones
792 3874 950 3958 stipendia
971 3873 1043 3937 feci.
1092 3873 1141 3937 bis
1166 3870 1279 3938 deinde
1301 3871 1335 3934 in

308 3970 469 4057 Hispania
489 3968 637 4044 militavi,
664 3968 762 4033 semel
784 3965 826 4048 Q.
849 3967 965 4031 Fulvio
986 3968 1120 4043 Flacco,
1147 3965 1262 4030 iterum
1283 3963 1334 4025 Ti.

310 4064 503 4152 Sempronio
528 4062 676 4129 Graccho
703 4074 859 4148 praetore.
910 4086 929 4126 a
950 4061 1068 4128 Flacco
1093 4062 1177 4126 inter
1202 4069 1384 4133 ceteros,10

309 4184 387 4246 quos
416 4160 542 4228 virtutis
569 4182 666 4225 causa
693 4181 801 4224 secum
828 4181 869 4223 ex
894 4158 1056 4243 provincia
1078 4156 1119 4221 ad
1140 4150 1336 4235 triumphum

310 4258 500 4334 deducebat,
518 4256 673 4321 deductus
692 4278 777 4332 sum3
796 4278 815 4319 a
833 4254 884 4318 Ti.
901 4252 1048 4320 Graccho
1066 4257 1196 4334 rogatus
1213 4246 1247 4309 in
1263 4266 1337 4331 pro-
1382 4255 1385 4263 '
