3359 5092
487 555 1091 628 smnuxxxxr1‚15-1r[a.c.1u]
1263 548 1305 614 41

285 727 449 801 ›ostquam
474 715 642 780 cadentem
667 715 791 791 videre,
818 714 1006 801 diffugiunt3
1032 716 1209 785 Pantaleon
1232 742 1306 787 con·

285 823 398 878 stanter
415 809 586 896 inpavidus
603 808 721 874 mansit
738 808 781 874 ad
796 810 1030 896 protegendum
1048 834 1167 898 regem.

336 905 439 972 XVI.
465 905 623 970 hucuca
641 926 715 969 cum
731 902 822 968 brevi
836 905 1004 969 circumitu
1021 907 1178 974 maceriae
1192 909 1336 978 deaut-1

285 1026 344 1069 rere
360 1003 406 1067 ad
422 1000 658 1066 conficiendum
680 999 823 1065 saucium
841 1010 986 1085 possent,
1008 1001 1096 1066 velut
1112 1002 1253 1087 perfecta
1269 1028 1304 1072 re

285 1101 309 1162 'm
324 1097 439 1184 iugum
448 1094 587 1160 Parnasi
602 1094 792 1180 refugerunt
810 1115 849 1160 ec
867 1115 973 1170 cursu,
991 1106 1037 1171 ut,
1056 1117 1130 1160 cum
1143 1120 1227 1164 unus
1239 1121 1305 1164 non

285 1192 368 1258 facile
385 1189 551 1274 sequendo
573 1210 632 1274 per
652 1188 741 1254 invia
758 1200 854 1272 atque
876 1189 978 1253 ardua
994 1202 1171 1256 moraretur
1192 1193 1305 1278 fugam

285 1308 401 1364 eorum,
421 1282 495 1373 [ne]
513 1307 555 1350 ex
572 1304 748 1368 conprenso
766 1283 919 1348 indicium
937 1296 1113 1360 emanaret,
1132 1287 1305 1353 occiderint

285 1381 434 1447 comitem.
479 1378 520 1444 ad
538 1400 654 1464 corpus
670 1378 756 1463 regis
773 1378 877 1463 primo
895 1378 1002 1455 amici,
1021 1379 1136 1445 deinde
1154 1382 1304 1448 satellites
1323 1401 1337 1447 2

285 1497 317 1540 ac
333 1474 417 1540 servi
435 1483 677 1548 concurrerunt,
699 1472 847 1538 tollentes
865 1473 1003 1558 sopitum
1020 1474 1148 1541 voluere
1170 1496 1208 1541 ac
1225 1477 1304 1542 nihil

285 1570 476 1636 sentientem.
507 1567 615 1634 vivere
633 1578 741 1633 tamen
759 1590 800 1632 ex
817 1567 923 1633 calore
941 1580 972 1634 et
990 1569 1104 1654 spiritu
1121 1583 1304 1638 remanente
1323 1590 1338 1636 3

286 1664 314 1731 in
328 1664 522 1752 praecordiis
540 1675 721 1741 senserunt3
738 1663 901 1729 victurum
914 1663 1031 1750 exigua
1044 1687 1083 1730 aa
1100 1687 1199 1752 prope
1216 1666 1305 1732 nulla

288 1781 349 1846 spes
361 1771 442 1827 erat.
468 1759 600 1843 quidam
613 1781 654 1823 ex
669 1758 858 1824 satellitibus
872 1760 973 1824 secuti
985 1760 1145 1824 latronum
1158 1761 1303 1845 vestigia,
1321 1779 1338 1825 4

290 1875 350 1920 cum
364 1876 472 1940 usque
490 1854 532 1919 ad
547 1854 661 1939 iugum
678 1852 815 1918 Parnasi
836 1853 1031 1937 nequiquam
1048 1853 1176 1939 fatigati
1192 1876 1304 1939 perve-

289 1949 405 2026 nissent,
423 1971 460 2014 re
477 1948 597 2013 infecta
613 1948 785 2013 redierunt.
812 1947 956 2033 adgressi
974 1948 1098 2013 facinus
1107 1948 1303 2015 Macedones
1322 1965 1337 2012 5

289 2055 315 2108 ut
323 2044 502 2110 inconsulte
515 2043 561 2107 ita
574 2043 735 2119 audacter,
754 2053 903 2128 coeptum
917 2064 977 2108 nec
990 2044 1134 2109 consulte
1149 2055 1181 2109 et
1193 2044 1303 2110 timide

288 2140 482 2224 reliquerunt.
527 2149 695 2224 conpotem
715 2137 780 2202 iam
798 2137 848 2201 sui
865 2160 976 2223 regem
992 2138 1086 2203 amici
1106 2150 1233 2223 postero
1252 2139 1303 2204 die
1322 2157 1336 2204 6

287 2233 424 2300 deferunt
449 2232 492 2296 ad
517 2255 648 2309 navem3
674 2231 748 2296 inde
767 2228 973 2308 Corinthum,
1001 2231 1042 2295 ab
1065 2229 1221 2297 Corintho
1246 2255 1304 2317 per

286 2325 387 2394 lsthmi
404 2328 521 2413 iugum
542 2326 679 2391 navibus
701 2326 855 2390 traductis
872 2326 1034 2411 Aeginam
1056 2326 1214 2390 traiciunt.
1258 2327 1337 2392 ibir

285 2422 354 2498 adeo
371 2432 497 2489 secreta
514 2420 583 2487 eius
596 2420 718 2485 curatio
735 2417 807 2496 fuit,
825 2420 1066 2485 admittentibus
1081 2420 1250 2496 neminem,
1268 2431 1305 2484 ut

285 2514 365 2581 frma
376 2527 543 2582 mortuum
559 2514 717 2579 inAsiam
734 2514 900 2600 perferret.
926 2514 1057 2578 Attalus
1075 2534 1204 2598 quoque
1222 2514 1304 2580 cele-

287 2611 349 2675 rius
364 2631 456 2694 quam
473 2611 609 2697 dignum
626 2609 796 2674 eoncordia
812 2609 954 2674 fraterna
972 2620 1040 2674 erat
1057 2608 1205 2685 credidit3
1227 2630 1303 2674 nam
1321 2627 1336 2675 8

288 2713 316 2768 st
328 2725 397 2770 omn
408 2727 510 2770 uxore
526 2704 633 2769 fratris
651 2715 684 2769 et
700 2703 863 2790 praefecto
881 2703 947 2767 arci
963 2714 1127 2787 tamquam
1144 2702 1209 2766 iam
1226 2702 1304 2768 haut

285 2797 391 2865 dubim
407 2800 503 2887 regni
521 2798 613 2865 heres
626 2809 675 2864 est
691 2798 827 2864 locutus.
856 2819 938 2881 quae
955 2808 1068 2883 postea
1080 2820 1144 2862 non
1162 2797 1303 2863 fefellere
1323 2817 1337 2863 a

285 2891 461 2973 limnmem
492 2906 526 2960 et
555 2915 752 2978 quamquam
782 2892 982 2957 dissimulare
1009 2903 1042 2958 et
1072 2892 1169 2958 tacita
1193 2892 1305 2958 haberi

285 2989 341 3074 peti
356 3001 525 3066 statuerat,
543 3000 650 3053 tamen
666 2989 701 3052 iu
717 2987 821 3073 primo
836 3008 1011 3072 congressu
1028 3008 1092 3052 non
1105 2988 1304 3072 temperavit,

285 3084 352 3166 quin
372 3084 485 3149 uxoris
511 3082 668 3168 petendae
688 3093 925 3168 praematuram
953 3080 1188 3147 festinationem
1214 3080 1304 3145 fratri

285 3177 424 3244 obiceret.
469 3177 608 3243 Romam
629 3198 757 3261 quoque
779 3175 867 3242 fama
885 3177 925 3241 de
942 3187 1043 3241 morte
1061 3175 1216 3239 Eumenis
1232 3197 1305 3259 per·

285 3269 339 3337 lata
355 3285 415 3338 est.

338 3365 459 3434 XVII.
487 3364 558 3432 Sub
573 3365 661 3431 idem
678 3376 804 3450 tempus
818 3363 858 3430 C.
869 3364 1018 3431 Valerius
1030 3385 1072 3428 ex
1082 3361 1230 3439 Graecia,
1248 3362 1304 3447 qui
1324 3383 1336 3430 1

285 3457 400 3545 legatus
416 3460 461 3525 ad
477 3460 646 3525 visendum
662 3470 780 3525 statum
799 3459 938 3545 regionis
958 3459 1026 3525 eius
1044 3457 1303 3544 speculandaque

288 3555 409 3622 musilia
425 3553 540 3620 Persei
560 3555 646 3640 regis
662 3554 759 3629 ierat,
775 3554 884 3633 rediit,
908 3553 1180 3641 congruentiaque
1198 3553 1305 3617 omnia

290 3647 463 3714 criminibus
482 3648 524 3712 ab
542 3647 688 3715 Eumene
706 3648 820 3713 adlatis
836 3649 1006 3715 referebat.
1043 3649 1136 3712 simul
1155 3658 1186 3713 et
1203 3646 1304 3711 addu-
1323 3667 1337 3714 ι

291 3755 367 3808 xerat
383 3743 610 3810 secumPraxc
627 3767 648 3808 a
660 3743 808 3830 Delphis,
827 3745 918 3809 curius
936 3744 1050 3809 domus
1067 3743 1304 3829 receptaculum

292 3833 435 3903 latronum
452 3838 573 3915 fuerat,
590 3837 681 3904 etL.
699 3838 885 3905 Rammium
902 3838 1142 3913 Brundisinum,
1160 3858 1216 3920 qur
1206 3836 1305 3900 talis

294 3927 374 3998 indici
399 3934 523 4000 delator
552 3945 631 4000 erat.
685 3934 833 4020 princeps
855 3932 1008 3999 Brundisi
1033 3932 1201 3999 Rammius
1227 3931 1303 4006 fuit3
1324 3949 1338 3996 3

296 4019 413 4111 bospitio
438 4049 568 4112 quoque
594 4040 627 4094 et
655 4028 755 4095 duces
782 4029 944 4098 Romanos
971 4050 1082 4093 omnes
1108 4037 1140 4093 et
1170 4027 1303 4109 legatos,

298 4131 458 4186 aurarum
483 4143 612 4207 quoque
641 4122 787 4234 gentium
812 4122 961 4209 insignis,
992 4121 1162 4208 praecipue
1188 4116 1303 4201 regios,

300 4213 463 4298 accipiebat.
506 4240 549 4282 ex
565 4240 604 4283 ec
620 4218 733 4283 notitia
750 4219 780 4283 ei
802 4240 876 4284 cum
893 4219 1024 4284 absente
1041 4215 1161 4282 Perseo
1184 4213 1303 4289 fiterat3
1323 4233 1338 4280 4

300 4297 453 4396 hterisque
471 4333 562 4397 spem
579 4313 736 4380 amicitiae
752 4313 911 4380 interioris
928 4332 1129 4400 magnaeque
1147 4307 1221 4374 iude
1239 4306 1303 4372 for-
