<?xml version="1.0" encoding="UTF-8"?>
<!DOCTYPE html PUBLIC "-//W3C//DTD XHTML 1.0 Transitional//EN"
    "http://www.w3.org/TR/xhtml1/DTD/xhtml1-transitional.dtd">
<html xmlns="http://www.w3.org/1999/xhtml" xml:lang="en" lang="en">
 <head>
  <title>
</title>
<meta http-equiv="Content-Type" content="text/html;charset=utf-8" />
  <meta name='ocr-system' content='tesseract 3.04.00' />
  <meta name='ocr-capabilities' content='ocr_page ocr_carea ocr_par ocr_line ocrx_word'/>
</head>
<body>
  <div class='ocr_page' id='page_1' title='image "./titiliviaburbec02weisgoog_0090.png"; bbox 0 0 3359 5092; ppageno 0'>
   <div class='ocr_carea' id='block_1_1' title="bbox 349 533 1193 617">
    <p class='ocr_par' dir='ltr' id='par_1_1' title="bbox 349 533 1193 617">
     <span class='ocr_line' id='line_1_1' title="bbox 349 533 1193 617; baseline 0.006 -19"><span class='ocrx_word' id='word_1_1' title='bbox 349 533 390 599; x_wconf 78' lang='lat'>16</span> <span class='ocrx_word' id='word_1_2' title='bbox 523 544 642 603; x_wconf 78' lang='lat' dir='ltr'>amsa</span> <span class='ocrx_word' id='word_1_3' title='bbox 657 543 802 617; x_wconf 78' lang='lat' dir='ltr'>xxm,</span> <span class='ocrx_word' id='word_1_4' title='bbox 821 546 920 602; x_wconf 79' lang='lat' dir='ltr'>rs1s.</span> <span class='ocrx_word' id='word_1_5' title='bbox 941 545 1193 617; x_wconf 62' lang='lat' dir='ltr'>[suasura]</span> 
     </span>
    </p>
   </div>
   <div class='ocr_carea' id='block_1_2' title="bbox 245 702 1412 4089">
    <p class='ocr_par' dir='ltr' id='par_1_2' title="bbox 312 702 1412 1451">
     <span class='ocr_line' id='line_1_2' title="bbox 314 702 1369 791; baseline -0.001 -19"><span class='ocrx_word' id='word_1_6' title='bbox 314 704 569 791; x_wconf 76' lang='lat' dir='ltr'>rproccnsulem</span> <span class='ocrx_word' id='word_1_7' title='bbox 594 704 630 768; x_wconf 92' lang='lat' dir='ltr'>in</span> <span class='ocrx_word' id='word_1_8' title='bbox 647 702 788 770; x_wconf 75' lang='lat' dir='ltr'><strong>Galliam</strong></span> <span class='ocrx_word' id='word_1_9' title='bbox 814 702 973 789; x_wconf 90' lang='lat' dir='ltr'>proficisci</span> <span class='ocrx_word' id='word_1_10' title='bbox 997 703 1106 781; x_wconf 89' lang='lat' dir='ltr'>iussit,</span> <span class='ocrx_word' id='word_1_11' title='bbox 1135 715 1169 770; x_wconf 92' lang='lat' dir='ltr'>et</span> <span class='ocrx_word' id='word_1_12' title='bbox 1189 704 1369 770; x_wconf 85' lang='lat' dir='ltr'>duumviros</span> 
     </span>
     <span class='ocr_line' id='line_1_3' title="bbox 347 796 1366 884; baseline 0.002 -21"><span class='ocrx_word' id='word_1_13' title='bbox 347 798 476 865; x_wconf 87' lang='lat' dir='ltr'>navales</span> <span class='ocrx_word' id='word_1_14' title='bbox 495 821 569 864; x_wconf 90' lang='lat' dir='ltr'>oum</span> <span class='ocrx_word' id='word_1_15' title='bbox 587 797 688 864; x_wconf 86' lang='lat' dir='ltr'>classe</span> <span class='ocrx_word' id='word_1_16' title='bbox 704 798 798 862; x_wconf 85' lang='lat' dir='ltr'>Pisas</span> <span class='ocrx_word' id='word_1_17' title='bbox 815 797 877 875; x_wconf 89' lang='lat' dir='ltr'>ire,</span> <span class='ocrx_word' id='word_1_18' title='bbox 899 798 956 881; x_wconf 86' lang='lat' dir='ltr'>qui</span> <span class='ocrx_word' id='word_1_19' title='bbox 972 796 1134 884; x_wconf 84' lang='lat' dir='ltr'><strong>Ligurum</strong></span> <span class='ocrx_word' id='word_1_20' title='bbox 1152 819 1259 876; x_wconf 87' lang='lat' dir='ltr'>oram,</span> <span class='ocrx_word' id='word_1_21' title='bbox 1282 800 1366 865; x_wconf 81' lang='lat' dir='ltr'>mari·</span> 
     </span>
     <span class='ocr_line' id='line_1_4' title="bbox 347 891 1366 977; baseline 0.002 -19"><span class='ocrx_word' id='word_1_22' title='bbox 347 905 470 958; x_wconf 89' lang='lat' dir='ltr'>turnum</span> <span class='ocrx_word' id='word_1_23' title='bbox 488 914 617 977; x_wconf 88' lang='lat' dir='ltr'>quoque</span> <span class='ocrx_word' id='word_1_24' title='bbox 634 903 787 958; x_wconf 90' lang='lat' dir='ltr'>terrorem</span> <span class='ocrx_word' id='word_1_25' title='bbox 805 892 1022 969; x_wconf 89' lang='lat' dir='ltr'>admoventes,</span> <span class='ocrx_word' id='word_1_26' title='bbox 1040 891 1366 960; x_wconf 73' lang='lat' dir='ltr'>circumvectarentur</span> 
     </span>
     <span class='ocr_line' id='line_1_5' title="bbox 312 985 1369 1069; baseline -0.003 -12"><span class='ocrx_word' id='word_1_27' title='bbox 312 1008 328 1057; x_wconf 82' lang='lat' dir='ltr'>s</span> <span class='ocrx_word' id='word_1_28' title='bbox 347 988 460 1053; x_wconf 91' lang='lat' dir='ltr'>eodem</span> <span class='ocrx_word' id='word_1_29' title='bbox 477 985 571 1053; x_wconf 83' lang='lat' dir='ltr'><strong>Pisas</strong></span> <span class='ocrx_word' id='word_1_30' title='bbox 589 1000 621 1053; x_wconf 91' lang='lat' dir='ltr'>et</span> <span class='ocrx_word' id='word_1_31' title='bbox 636 985 678 1069; x_wconf 81' lang='lat' dir='ltr'>Q.</span> <span class='ocrx_word' id='word_1_32' title='bbox 692 986 840 1053; x_wconf 92' lang='lat' dir='ltr'>Petillius</span> <span class='ocrx_word' id='word_1_33' title='bbox 858 987 969 1051; x_wconf 91' lang='lat' dir='ltr'>consul</span> <span class='ocrx_word' id='word_1_34' title='bbox 987 986 1029 1051; x_wconf 91' lang='lat' dir='ltr'>ad</span> <span class='ocrx_word' id='word_1_35' title='bbox 1047 987 1306 1054; x_wconf 80' lang='lat' dir='ltr'>conveniendum</span> <span class='ocrx_word' id='word_1_36' title='bbox 1322 1011 1369 1054; x_wconf 88' lang='lat' dir='ltr'>ex·</span> 
     </span>
     <span class='ocr_line' id='line_1_6' title="bbox 313 1078 1369 1168; baseline 0.001 -20"><span class='ocrx_word' id='word_1_37' title='bbox 313 1102 327 1149; x_wconf 80' lang='lat' dir='ltr'>a</span> <span class='ocrx_word' id='word_1_38' title='bbox 347 1081 459 1147; x_wconf 90' lang='lat' dir='ltr'>ercitui</span> <span class='ocrx_word' id='word_1_39' title='bbox 477 1078 593 1168; x_wconf 87' lang='lat' dir='ltr'>[diem]</span> <span class='ocrx_word' id='word_1_40' title='bbox 612 1081 763 1146; x_wconf 83' lang='lat' dir='ltr'><strong>edixerat.</strong></span> <span class='ocrx_word' id='word_1_41' title='bbox 799 1092 831 1146; x_wconf 89' lang='lat' dir='ltr'>et</span> <span class='ocrx_word' id='word_1_42' title='bbox 850 1078 889 1146; x_wconf 84' lang='lat' dir='ltr'>C.</span> <span class='ocrx_word' id='word_1_43' title='bbox 905 1078 1061 1146; x_wconf 84' lang='lat' dir='ltr'>Claudius</span> <span class='ocrx_word' id='word_1_44' title='bbox 1078 1083 1252 1168; x_wconf 87' lang='lat' dir='ltr'>proconsul</span> <span class='ocrx_word' id='word_1_45' title='bbox 1269 1082 1369 1149; x_wconf 88' lang='lat' dir='ltr'>audita</span> 
     </span>
     <span class='ocr_line' id='line_1_7' title="bbox 346 1174 1369 1261; baseline 0.002 -21"><span class='ocrx_word' id='word_1_46' title='bbox 346 1176 518 1242; x_wconf 84' lang='lat' dir='ltr'>rebellione</span> <span class='ocrx_word' id='word_1_47' title='bbox 536 1175 699 1261; x_wconf 86' lang='lat' dir='ltr'>Ligurum</span> <span class='ocrx_word' id='word_1_48' title='bbox 715 1186 842 1260; x_wconf 88' lang='lat' dir='ltr'>praeter</span> <span class='ocrx_word' id='word_1_49' title='bbox 860 1197 914 1239; x_wconf 88' lang='lat' dir='ltr'>eas</span> <span class='ocrx_word' id='word_1_50' title='bbox 933 1174 1052 1261; x_wconf 89' lang='lat' dir='ltr'>copias,</span> <span class='ocrx_word' id='word_1_51' title='bbox 1069 1197 1150 1261; x_wconf 85' lang='lat' dir='ltr'>quas</span> <span class='ocrx_word' id='word_1_52' title='bbox 1168 1198 1282 1242; x_wconf 90' lang='lat' dir='ltr'>secum</span> <span class='ocrx_word' id='word_1_53' title='bbox 1297 1176 1369 1242; x_wconf 88' lang='lat' dir='ltr'>Par·</span> 
     </span>
     <span class='ocr_line' id='line_1_8' title="bbox 346 1269 1368 1348; baseline 0.001 -13"><span class='ocrx_word' id='word_1_54' title='bbox 346 1293 418 1336; x_wconf 90' lang='lat' dir='ltr'>mae</span> <span class='ocrx_word' id='word_1_55' title='bbox 440 1270 595 1347; x_wconf 88' lang='lat' dir='ltr'>habebat,</span> <span class='ocrx_word' id='word_1_56' title='bbox 617 1270 767 1335; x_wconf 83' lang='lat' dir='ltr'>subitaria</span> <span class='ocrx_word' id='word_1_57' title='bbox 790 1269 929 1336; x_wconf 80' lang='lat' dir='ltr'>collectis</span> <span class='ocrx_word' id='word_1_58' title='bbox 952 1269 1122 1348; x_wconf 78' lang='lat' dir='ltr'>militibus,</span> <span class='ocrx_word' id='word_1_59' title='bbox 1140 1271 1318 1338; x_wconf 87' lang='lat' dir='ltr'>exercitum</span> <span class='ocrx_word' id='word_1_60' title='bbox 1333 1270 1368 1336; x_wconf 84' lang='lat' dir='ltr'>sd</span> 
     </span>
     <span class='ocr_line' id='line_1_9' title="bbox 346 1365 1412 1451; baseline -0.004 -20"><span class='ocrx_word' id='word_1_61' title='bbox 346 1365 425 1431; x_wconf 88' lang='lat' dir='ltr'>fines</span> <span class='ocrx_word' id='word_1_62' title='bbox 442 1365 603 1451; x_wconf 83' lang='lat' dir='ltr'>Ligurum</span> <span class='ocrx_word' id='word_1_63' title='bbox 621 1365 772 1429; x_wconf 90' lang='lat' dir='ltr'>admovit.</span> <span class='ocrx_word' id='word_1_64' title='bbox 1409 1429 1412 1437; x_wconf 73' lang='grc'><strong>,</strong></span> 
     </span>
    </p>

    <p class='ocr_par' dir='ltr' id='par_1_3' title="bbox 245 1455 1411 4089">
     <span class='ocr_line' id='line_1_10' title="bbox 312 1455 1368 1544; baseline -0.002 -15"><span class='ocrx_word' id='word_1_65' title='bbox 312 1478 327 1529; x_wconf 85' lang='grc'>1</span> <span class='ocrx_word' id='word_1_66' title='bbox 408 1458 543 1526; x_wconf 81' lang='lat' dir='ltr'>XVIII.</span> <span class='ocrx_word' id='word_1_67' title='bbox 566 1460 685 1524; x_wconf 89' lang='lat' dir='ltr'>Hostes</span> <span class='ocrx_word' id='word_1_68' title='bbox 695 1458 756 1524; x_wconf 94' lang='lat' dir='ltr'>sub</span> <span class='ocrx_word' id='word_1_69' title='bbox 765 1455 988 1524; x_wconf 87' lang='lat' dir='ltr'>adventumC</span> <span class='ocrx_word' id='word_1_70' title='bbox 999 1456 1127 1536; x_wconf 86' lang='lat' dir='ltr'>Claudi,</span> <span class='ocrx_word' id='word_1_71' title='bbox 1141 1460 1327 1544; x_wconf 81' lang='lat' dir='ltr'>aquoduce</span> <span class='ocrx_word' id='word_1_72' title='bbox 1339 1482 1368 1526; x_wconf 83' lang='lat' dir='ltr'>sc</span> 
     </span>
     <span class='ocr_line' id='line_1_11' title="bbox 346 1550 1368 1641; baseline 0.001 -22"><span class='ocrx_word' id='word_1_73' title='bbox 346 1554 558 1621; x_wconf 83' lang='lat' dir='ltr'>meminerant</span> <span class='ocrx_word' id='word_1_74' title='bbox 574 1575 677 1638; x_wconf 83' lang='lat' dir='ltr'>nuper</span> <span class='ocrx_word' id='word_1_75' title='bbox 697 1553 738 1617; x_wconf 87' lang='lat' dir='ltr'>ad</span> <span class='ocrx_word' id='word_1_76' title='bbox 748 1550 957 1619; x_wconf 80' lang='lat' dir='ltr'>Scultennam</span> <span class='ocrx_word' id='word_1_77' title='bbox 974 1553 1094 1619; x_wconf 90' lang='lat' dir='ltr'>flumen</span> <span class='ocrx_word' id='word_1_78' title='bbox 1111 1553 1212 1619; x_wconf 85' lang='lat' dir='ltr'>victos</span> <span class='ocrx_word' id='word_1_79' title='bbox 1231 1554 1368 1641; x_wconf 79' lang='lat' dir='ltr'>fugatos·</span> 
     </span>
     <span class='ocr_line' id='line_1_12' title="bbox 346 1646 1368 1736; baseline 0.003 -24"><span class='ocrx_word' id='word_1_80' title='bbox 346 1670 419 1731; x_wconf 88' lang='lat' dir='ltr'>qne,</span> <span class='ocrx_word' id='word_1_81' title='bbox 428 1647 571 1712; x_wconf 86' lang='lat' dir='ltr'>locorum</span> <span class='ocrx_word' id='word_1_82' title='bbox 585 1646 688 1732; x_wconf 89' lang='lat' dir='ltr'>magis</span> <span class='ocrx_word' id='word_1_83' title='bbox 701 1646 860 1732; x_wconf 91' lang='lat' dir='ltr'>praesidio</span> <span class='ocrx_word' id='word_1_84' title='bbox 870 1646 1023 1715; x_wconf 87' lang='lat' dir='ltr'>adversus</span> <span class='ocrx_word' id='word_1_85' title='bbox 1032 1646 1202 1714; x_wconf 78' lang='lat' dir='ltr'>infeliciter</span> <span class='ocrx_word' id='word_1_86' title='bbox 1210 1660 1368 1736; x_wconf 87' lang='lat' dir='ltr'>expertam</span> 
     </span>
     <span class='ocr_line' id='line_1_13' title="bbox 346 1740 1370 1826; baseline 0.004 -20.395"><span class='ocrx_word' id='word_1_87' title='bbox 346 1762 535 1826; x_wconf 78' lang='lat' dir='ltr'>umquam</span> <span class='ocrx_word' id='word_1_88' title='bbox 561 1740 656 1805; x_wconf 89' lang='lat' dir='ltr'>armis</span> <span class='ocrx_word' id='word_1_89' title='bbox 684 1763 718 1807; x_wconf 92' lang='lat' dir='ltr'>se</span> <span class='ocrx_word' id='word_1_90' title='bbox 745 1741 921 1818; x_wconf 89' lang='lat' dir='ltr'>defensuri,</span> <span class='ocrx_word' id='word_1_91' title='bbox 948 1741 1029 1806; x_wconf 91' lang='lat' dir='ltr'>duos</span> <span class='ocrx_word' id='word_1_92' title='bbox 1054 1753 1179 1808; x_wconf 89' lang='lat' dir='ltr'>montes</span> <span class='ocrx_word' id='word_1_93' title='bbox 1201 1741 1323 1810; x_wconf 85' lang='lat' dir='ltr'>Letum</span> <span class='ocrx_word' id='word_1_94' title='bbox 1342 1755 1370 1810; x_wconf 86' lang='lat' dir='ltr'>et</span> 
     </span>
     <span class='ocr_line' id='line_1_14' title="bbox 313 1835 1370 1946; baseline 0.003 -45"><span class='ocrx_word' id='word_1_95' title='bbox 313 1835 514 1902; x_wconf 81' lang='lat' dir='ltr'>aBallistam</span> <span class='ocrx_word' id='word_1_96' title='bbox 537 1846 703 1920; x_wconf 90' lang='lat' dir='ltr'>ceperunt,</span> <span class='ocrx_word' id='word_1_97' title='bbox 723 1856 881 1919; x_wconf 91' lang='lat' dir='ltr'>muroque</span> <span class='ocrx_word' id='word_1_98' title='bbox 902 1835 1033 1922; x_wconf 82' lang='lat' dir='ltr'>insuper</span> <span class='ocrx_word' id='word_1_99' title='bbox 1055 1836 1204 1946; x_wconf 80' lang='lat' dir='ltr'>amplexi.</span> <span class='ocrx_word' id='word_1_100' title='bbox 1255 1836 1370 1904; x_wconf 85' lang='lat' dir='ltr'>tardius</span> 
     </span>
     <span class='ocr_line' id='line_1_15' title="bbox 347 1928 1404 2018; baseline 0.005 -25"><span class='ocrx_word' id='word_1_101' title='bbox 347 1952 388 1994; x_wconf 86' lang='lat' dir='ltr'>ex</span> <span class='ocrx_word' id='word_1_102' title='bbox 405 1929 490 2015; x_wconf 88' lang='lat' dir='ltr'>agris</span> <span class='ocrx_word' id='word_1_103' title='bbox 510 1928 723 2014; x_wconf 83' lang='lat' dir='ltr'>demigrantes</span> <span class='ocrx_word' id='word_1_104' title='bbox 741 1950 885 2015; x_wconf 74' lang='lat' dir='ltr'>oppressa</span> <span class='ocrx_word' id='word_1_105' title='bbox 875 1928 945 1993; x_wconf 88' lang='lat' dir='ltr'>ad</span> <span class='ocrx_word' id='word_1_106' title='bbox 962 1928 1048 1995; x_wconf 90' lang='lat' dir='ltr'>mille</span> <span class='ocrx_word' id='word_1_107' title='bbox 1062 1940 1095 1995; x_wconf 90' lang='lat' dir='ltr'>et</span> <span class='ocrx_word' id='word_1_108' title='bbox 1108 1930 1279 2017; x_wconf 87' lang='lat' dir='ltr'>quingenti</span> <span class='ocrx_word' id='word_1_109' title='bbox 1294 1930 1371 2018; x_wconf 72' lang='lat' dir='ltr'>pmi-</span> <span class='ocrx_word' id='word_1_110' title='bbox 1402 1943 1404 1948; x_wconf 86' lang='lat'>&#39;</span> 
     </span>
     <span class='ocr_line' id='line_1_16' title="bbox 312 2022 1411 2109; baseline 0.006 -21"><span class='ocrx_word' id='word_1_111' title='bbox 312 2043 327 2089; x_wconf 85' lang='lat' dir='ltr'>a</span> <span class='ocrx_word' id='word_1_112' title='bbox 346 2033 438 2087; x_wconf 91' lang='lat' dir='ltr'>erunt</span> <span class='ocrx_word' id='word_1_113' title='bbox 443 2046 453 2100; x_wconf 81' lang='lat'><em>3</em></span> <span class='ocrx_word' id='word_1_114' title='bbox 472 2022 568 2087; x_wconf 88' lang='lat' dir='ltr'>ceteri</span> <span class='ocrx_word' id='word_1_115' title='bbox 584 2022 746 2087; x_wconf 90' lang='lat' dir='ltr'>montibus</span> <span class='ocrx_word' id='word_1_116' title='bbox 760 2045 795 2088; x_wconf 92' lang='lat' dir='ltr'>se</span> <span class='ocrx_word' id='word_1_117' title='bbox 812 2022 973 2098; x_wconf 91' lang='lat' dir='ltr'>tenebant,</span> <span class='ocrx_word' id='word_1_118' title='bbox 992 2032 1024 2087; x_wconf 89' lang='lat' dir='ltr'>et</span> <span class='ocrx_word' id='word_1_119' title='bbox 1036 2046 1078 2088; x_wconf 93' lang='lat' dir='ltr'>ne</span> <span class='ocrx_word' id='word_1_120' title='bbox 1095 2023 1128 2088; x_wconf 92' lang='lat' dir='ltr'>in</span> <span class='ocrx_word' id='word_1_121' title='bbox 1141 2034 1232 2090; x_wconf 90' lang='lat' dir='ltr'>metu</span> <span class='ocrx_word' id='word_1_122' title='bbox 1246 2024 1372 2109; x_wconf 86' lang='lat' dir='ltr'>quidem</span> <span class='ocrx_word' id='word_1_123' title='bbox 1410 2077 1411 2096; x_wconf 72' lang='lat'>.</span> 
     </span>
     <span class='ocr_line' id='line_1_17' title="bbox 346 2115 1411 2202; baseline 0.002 -21"><span class='ocrx_word' id='word_1_124' title='bbox 346 2116 480 2182; x_wconf 89' lang='lat' dir='ltr'>feritatis</span> <span class='ocrx_word' id='word_1_125' title='bbox 501 2116 662 2201; x_wconf 85' lang='lat' dir='ltr'>ingenitae</span> <span class='ocrx_word' id='word_1_126' title='bbox 680 2115 769 2181; x_wconf 92' lang='lat' dir='ltr'>obliti</span> <span class='ocrx_word' id='word_1_127' title='bbox 792 2115 939 2181; x_wconf 88' lang='lat' dir='ltr'>saeviunt</span> <span class='ocrx_word' id='word_1_128' title='bbox 955 2116 989 2180; x_wconf 91' lang='lat' dir='ltr'>in</span> <span class='ocrx_word' id='word_1_129' title='bbox 1005 2116 1174 2201; x_wconf 86' lang='lat' dir='ltr'>praedam,</span> <span class='ocrx_word' id='word_1_130' title='bbox 1196 2139 1284 2202; x_wconf 85' lang='lat' dir='ltr'>quae</span> <span class='ocrx_word' id='word_1_131' title='bbox 1300 2118 1371 2184; x_wconf 89' lang='lat' dir='ltr'>Mn·</span> <span class='ocrx_word' id='word_1_132' title='bbox 1407 2115 1411 2196; x_wconf 62' lang='lat' dir='ltr'><strong>J</strong></span> 
     </span>
     <span class='ocr_line' id='line_1_18' title="bbox 345 2210 1411 2297; baseline -0.001 -22"><span class='ocrx_word' id='word_1_133' title='bbox 345 2211 431 2276; x_wconf 89' lang='lat' dir='ltr'>tinae</span> <span class='ocrx_word' id='word_1_134' title='bbox 453 2221 545 2297; x_wconf 89' lang='lat' dir='ltr'>parta</span> <span class='ocrx_word' id='word_1_135' title='bbox 566 2221 643 2275; x_wconf 93' lang='lat' dir='ltr'>erat.</span> <span class='ocrx_word' id='word_1_136' title='bbox 692 2210 833 2295; x_wconf 88' lang='lat' dir='ltr'>captivos</span> <span class='ocrx_word' id='word_1_137' title='bbox 857 2232 930 2275; x_wconf 92' lang='lat' dir='ltr'>cum</span> <span class='ocrx_word' id='word_1_138' title='bbox 951 2210 1048 2275; x_wconf 88' lang='lat' dir='ltr'>foeda</span> <span class='ocrx_word' id='word_1_139' title='bbox 1069 2210 1263 2278; x_wconf 77' lang='lat' dir='ltr'>laceratione</span> <span class='ocrx_word' id='word_1_140' title='bbox 1280 2213 1371 2279; x_wconf 90' lang='lat' dir='ltr'>inter·</span> <span class='ocrx_word' id='word_1_141' title='bbox 1410 2211 1411 2274; x_wconf 74' lang='lat'><em>3</em></span> 
     </span>
     <span class='ocr_line' id='line_1_19' title="bbox 345 2304 1371 2392; baseline 0.004 -21"><span class='ocrx_word' id='word_1_142' title='bbox 345 2306 466 2383; x_wconf 83' lang='lat' dir='ltr'>ficiunt,</span> <span class='ocrx_word' id='word_1_143' title='bbox 483 2328 599 2392; x_wconf 90' lang='lat' dir='ltr'>pecora</span> <span class='ocrx_word' id='word_1_144' title='bbox 616 2305 750 2370; x_wconf 81' lang='lat' dir='ltr'>insanis</span> <span class='ocrx_word' id='word_1_145' title='bbox 768 2306 929 2370; x_wconf 90' lang='lat' dir='ltr'>trucidant</span> <span class='ocrx_word' id='word_1_146' title='bbox 946 2304 1052 2370; x_wconf 87' lang='lat' dir='ltr'>verius</span> <span class='ocrx_word' id='word_1_147' title='bbox 1069 2305 1190 2392; x_wconf 89' lang='lat' dir='ltr'>passim</span> <span class='ocrx_word' id='word_1_148' title='bbox 1203 2328 1304 2391; x_wconf 89' lang='lat' dir='ltr'>quam</span> <span class='ocrx_word' id='word_1_149' title='bbox 1316 2310 1371 2375; x_wconf 89' lang='lat' dir='ltr'>rite</span> 
     </span>
     <span class='ocr_line' id='line_1_20' title="bbox 311 2399 1411 2490; baseline -0.001 -23"><span class='ocrx_word' id='word_1_150' title='bbox 311 2421 327 2467; x_wconf 84' lang='lat'>4</span> <span class='ocrx_word' id='word_1_151' title='bbox 345 2399 534 2466; x_wconf 89' lang='lat' dir='ltr'>sacrificant.</span> <span class='ocrx_word' id='word_1_152' title='bbox 562 2399 668 2465; x_wconf 89' lang='lat' dir='ltr'>satiati</span> <span class='ocrx_word' id='word_1_153' title='bbox 681 2400 778 2466; x_wconf 91' lang='lat' dir='ltr'>caede</span> <span class='ocrx_word' id='word_1_154' title='bbox 794 2399 1013 2476; x_wconf 91' lang='lat' dir='ltr'>animantium,</span> <span class='ocrx_word' id='word_1_155' title='bbox 1032 2421 1115 2483; x_wconf 86' lang='lat' dir='ltr'>quae</span> <span class='ocrx_word' id='word_1_156' title='bbox 1128 2399 1274 2469; x_wconf 87' lang='lat' dir='ltr'>inanima</span> <span class='ocrx_word' id='word_1_157' title='bbox 1287 2413 1371 2469; x_wconf 84' lang='lat' dir='ltr'>erant</span> <span class='ocrx_word' id='word_1_158' title='bbox 1410 2447 1411 2490; x_wconf 63' lang='lat'><em>3</em></span> 
     </span>
     <span class='ocr_line' id='line_1_21' title="bbox 344 2493 1370 2582; baseline 0.002 -22"><span class='ocrx_word' id='word_1_159' title='bbox 344 2494 519 2580; x_wconf 86' lang='lat' dir='ltr'>parietibus</span> <span class='ocrx_word' id='word_1_160' title='bbox 533 2495 698 2582; x_wconf 88' lang='lat' dir='ltr'>adfligunt,</span> <span class='ocrx_word' id='word_1_161' title='bbox 716 2516 794 2558; x_wconf 83' lang='lat' dir='ltr'>vasa</span> <span class='ocrx_word' id='word_1_162' title='bbox 807 2494 910 2558; x_wconf 90' lang='lat' dir='ltr'>omnis</span> <span class='ocrx_word' id='word_1_163' title='bbox 927 2494 1053 2579; x_wconf 86' lang='lat' dir='ltr'>generis</span> <span class='ocrx_word' id='word_1_164' title='bbox 1068 2493 1142 2559; x_wconf 91' lang='lat' dir='ltr'>usui</span> <span class='ocrx_word' id='word_1_165' title='bbox 1157 2495 1266 2581; x_wconf 82' lang='lat' dir='ltr'>magis</span> <span class='ocrx_word' id='word_1_166' title='bbox 1279 2518 1370 2582; x_wconf 89' lang='lat' dir='ltr'>quam</span> 
     </span>
     <span class='ocr_line' id='line_1_22' title="bbox 312 2586 1370 2675; baseline 0.002 -22"><span class='ocrx_word' id='word_1_167' title='bbox 312 2606 327 2653; x_wconf 82' lang='lat'>5</span> <span class='ocrx_word' id='word_1_168' title='bbox 344 2601 529 2655; x_wconf 85' lang='lat' dir='ltr'>ornamento</span> <span class='ocrx_word' id='word_1_169' title='bbox 547 2589 581 2654; x_wconf 96' lang='lat' dir='ltr'>in</span> <span class='ocrx_word' id='word_1_170' title='bbox 598 2588 737 2675; x_wconf 92' lang='lat' dir='ltr'>speciem</span> <span class='ocrx_word' id='word_1_171' title='bbox 754 2588 849 2653; x_wconf 86' lang='lat' dir='ltr'>facta.</span> <span class='ocrx_word' id='word_1_172' title='bbox 894 2586 937 2668; x_wconf 83' lang='lat' dir='ltr'>Q.</span> <span class='ocrx_word' id='word_1_173' title='bbox 954 2586 1101 2653; x_wconf 91' lang='lat' dir='ltr'>Petillius</span> <span class='ocrx_word' id='word_1_174' title='bbox 1119 2591 1242 2667; x_wconf 89' lang='lat' dir='ltr'>consul,</span> <span class='ocrx_word' id='word_1_175' title='bbox 1260 2614 1302 2658; x_wconf 89' lang='lat' dir='ltr'>ne</span> <span class='ocrx_word' id='word_1_176' title='bbox 1318 2591 1370 2657; x_wconf 92' lang='lat' dir='ltr'>ab·</span> 
     </span>
     <span class='ocr_line' id='line_1_23' title="bbox 347 2678 1369 2764; baseline 0.002 -16"><span class='ocrx_word' id='word_1_177' title='bbox 347 2694 435 2748; x_wconf 90' lang='lat' dir='ltr'>sente</span> <span class='ocrx_word' id='word_1_178' title='bbox 453 2706 487 2748; x_wconf 92' lang='lat' dir='ltr'>se</span> <span class='ocrx_word' id='word_1_179' title='bbox 510 2683 735 2759; x_wconf 88' lang='lat' dir='ltr'>debellaretur,</span> <span class='ocrx_word' id='word_1_180' title='bbox 756 2682 878 2747; x_wconf 90' lang='lat' dir='ltr'>litteras</span> <span class='ocrx_word' id='word_1_181' title='bbox 901 2682 944 2747; x_wconf 90' lang='lat' dir='ltr'>ad</span> <span class='ocrx_word' id='word_1_182' title='bbox 962 2678 1001 2747; x_wconf 85' lang='lat' dir='ltr'>C.</span> <span class='ocrx_word' id='word_1_183' title='bbox 1021 2680 1195 2748; x_wconf 85' lang='lat' dir='ltr'>Claudium</span> <span class='ocrx_word' id='word_1_184' title='bbox 1215 2685 1317 2764; x_wconf 82' lang='lat' dir='ltr'>misit,</span> <span class='ocrx_word' id='word_1_185' title='bbox 1337 2697 1369 2751; x_wconf 91' lang='lat' dir='ltr'>ut</span> 
     </span>
     <span class='ocr_line' id='line_1_24' title="bbox 348 2774 1411 2864; baseline 0.005 -23"><span class='ocrx_word' id='word_1_186' title='bbox 348 2797 421 2841; x_wconf 92' lang='lat' dir='ltr'>cum</span> <span class='ocrx_word' id='word_1_187' title='bbox 444 2776 588 2842; x_wconf 85' lang='lat' dir='ltr'>exercitu</span> <span class='ocrx_word' id='word_1_188' title='bbox 607 2776 649 2842; x_wconf 93' lang='lat' dir='ltr'>ad</span> <span class='ocrx_word' id='word_1_189' title='bbox 673 2799 707 2842; x_wconf 91' lang='lat' dir='ltr'>se</span> <span class='ocrx_word' id='word_1_190' title='bbox 729 2776 763 2840; x_wconf 91' lang='lat' dir='ltr'>in</span> <span class='ocrx_word' id='word_1_191' title='bbox 783 2774 924 2842; x_wconf 85' lang='lat' dir='ltr'>Galliam</span> <span class='ocrx_word' id='word_1_192' title='bbox 946 2777 1081 2844; x_wconf 89' lang='lat' dir='ltr'>veniret:</span> <span class='ocrx_word' id='word_1_193' title='bbox 1108 2778 1230 2864; x_wconf 91' lang='lat' dir='ltr'>campis</span> <span class='ocrx_word' id='word_1_194' title='bbox 1252 2780 1368 2848; x_wconf 88' lang='lat' dir='ltr'>Macris</span> <span class='ocrx_word' id='word_1_195' title='bbox 1410 2785 1411 2792; x_wconf 77' lang='grc'>’</span> 
     </span>
     <span class='ocr_line' id='line_1_25' title="bbox 314 2868 1368 2959; baseline 0.007 -26"><span class='ocrx_word' id='word_1_196' title='bbox 314 2885 329 2932; x_wconf 85' lang='lat'>6</span> <span class='ocrx_word' id='word_1_197' title='bbox 346 2892 380 2934; x_wconf 93' lang='lat' dir='ltr'>se</span> <span class='ocrx_word' id='word_1_198' title='bbox 399 2892 473 2934; x_wconf 90' lang='lat' dir='ltr'>eum</span> <span class='ocrx_word' id='word_1_199' title='bbox 491 2880 743 2954; x_wconf 88' lang='lat' dir='ltr'>expectaturum.</span> <span class='ocrx_word' id='word_1_200' title='bbox 786 2869 898 2959; x_wconf 80' lang='lat' dir='ltr'>litteris</span> <span class='ocrx_word' id='word_1_201' title='bbox 921 2870 1059 2957; x_wconf 88' lang='lat' dir='ltr'>acceptis</span> <span class='ocrx_word' id='word_1_202' title='bbox 1078 2868 1234 2938; x_wconf 82' lang='lat' dir='ltr'>Claudius</span> <span class='ocrx_word' id='word_1_203' title='bbox 1259 2896 1301 2939; x_wconf 85' lang='lat' dir='ltr'>ex</span> <span class='ocrx_word' id='word_1_204' title='bbox 1316 2874 1368 2940; x_wconf 88' lang='lat' dir='ltr'>Li·</span> 
     </span>
     <span class='ocr_line' id='line_1_26' title="bbox 345 2962 1366 3051; baseline 0.006 -25"><span class='ocrx_word' id='word_1_205' title='bbox 345 2962 479 3049; x_wconf 87' lang='lat' dir='ltr'>guribus</span> <span class='ocrx_word' id='word_1_206' title='bbox 506 2974 609 3029; x_wconf 88' lang='lat' dir='ltr'>castra</span> <span class='ocrx_word' id='word_1_207' title='bbox 634 2963 735 3027; x_wconf 91' lang='lat' dir='ltr'>movit</span> <span class='ocrx_word' id='word_1_208' title='bbox 761 2964 998 3047; x_wconf 87' lang='lat' dir='ltr'>exercitumque</span> <span class='ocrx_word' id='word_1_209' title='bbox 1025 2965 1066 3029; x_wconf 92' lang='lat' dir='ltr'>ad</span> <span class='ocrx_word' id='word_1_210' title='bbox 1089 2986 1221 3051; x_wconf 91' lang='lat' dir='ltr'>campos</span> <span class='ocrx_word' id='word_1_211' title='bbox 1242 2967 1366 3034; x_wconf 83' lang='lat' dir='ltr'>Macros</span> 
     </span>
     <span class='ocr_line' id='line_1_27' title="bbox 346 3055 1365 3145; baseline 0.005 -24"><span class='ocrx_word' id='word_1_212' title='bbox 346 3057 469 3123; x_wconf 89' lang='lat' dir='ltr'>consuli</span> <span class='ocrx_word' id='word_1_213' title='bbox 486 3057 624 3122; x_wconf 86' lang='lat' dir='ltr'>tradidit.</span> <span class='ocrx_word' id='word_1_214' title='bbox 670 3057 782 3124; x_wconf 90' lang='lat' dir='ltr'>eodem</span> <span class='ocrx_word' id='word_1_215' title='bbox 799 3055 973 3144; x_wconf 91' lang='lat' dir='ltr'>(tempore)</span> <span class='ocrx_word' id='word_1_216' title='bbox 990 3058 1102 3145; x_wconf 85' lang='lat' dir='ltr'>paucis</span> <span class='ocrx_word' id='word_1_217' title='bbox 1116 3071 1189 3143; x_wconf 90' lang='lat' dir='ltr'>post</span> <span class='ocrx_word' id='word_1_218' title='bbox 1204 3061 1318 3129; x_wconf 89' lang='lat' dir='ltr'>diebus</span> <span class='ocrx_word' id='word_1_219' title='bbox 1332 3060 1365 3128; x_wconf 81' lang='grc' dir='ltr'>Ο.</span> 
     </span>
     <span class='ocr_line' id='line_1_28' title="bbox 313 3151 1364 3242; baseline 0.006 -26"><span class='ocrx_word' id='word_1_220' title='bbox 313 3172 326 3216; x_wconf 82' lang='lat'><strong>7</strong></span> <span class='ocrx_word' id='word_1_221' title='bbox 345 3152 493 3218; x_wconf 88' lang='lat' dir='ltr'>Valerius</span> <span class='ocrx_word' id='word_1_222' title='bbox 507 3153 619 3217; x_wconf 90' lang='lat' dir='ltr'>consul</span> <span class='ocrx_word' id='word_1_223' title='bbox 632 3152 711 3217; x_wconf 91' lang='lat' dir='ltr'>alter</span> <span class='ocrx_word' id='word_1_224' title='bbox 724 3151 820 3218; x_wconf 78' lang='lat' dir='ltr'>venit.</span> <span class='ocrx_word' id='word_1_225' title='bbox 848 3151 893 3216; x_wconf 92' lang='lat' dir='ltr'>ibi</span> <span class='ocrx_word' id='word_1_226' title='bbox 907 3152 1017 3218; x_wconf 88' lang='lat' dir='ltr'>divisis</span> <span class='ocrx_word' id='word_1_227' title='bbox 1027 3152 1137 3238; x_wconf 92' lang='lat' dir='ltr'>copiis,</span> <span class='ocrx_word' id='word_1_228' title='bbox 1153 3151 1364 3242; x_wconf 86' lang='lat' dir='ltr'>[prius]quam</span> 
     </span>
     <span class='ocr_line' id='line_1_29' title="bbox 345 3246 1363 3332; baseline 0.004 -22"><span class='ocrx_word' id='word_1_229' title='bbox 345 3247 623 3332; x_wconf 82' lang='lat' dir='ltr'>congrederentur,</span> <span class='ocrx_word' id='word_1_230' title='bbox 642 3247 852 3312; x_wconf 89' lang='lat' dir='ltr'>communiter</span> <span class='ocrx_word' id='word_1_231' title='bbox 865 3246 961 3311; x_wconf 90' lang='lat' dir='ltr'>ambo</span> <span class='ocrx_word' id='word_1_232' title='bbox 975 3248 1134 3312; x_wconf 88' lang='lat' dir='ltr'>exercitus</span> <span class='ocrx_word' id='word_1_233' title='bbox 1147 3248 1363 3318; x_wconf 86' lang='lat' dir='ltr'>lustraverunt</span> 
     </span>
     <span class='ocr_line' id='line_1_30' title="bbox 344 3339 1363 3432; baseline 0.007 -29"><span class='ocrx_word' id='word_1_234' title='bbox 344 3352 413 3404; x_wconf 93' lang='lat' dir='ltr'>tum</span> <span class='ocrx_word' id='word_1_235' title='bbox 432 3339 547 3420; x_wconf 89' lang='lat' dir='ltr'>sortiti,</span> <span class='ocrx_word' id='word_1_236' title='bbox 570 3342 646 3425; x_wconf 90' lang='lat' dir='ltr'>quia</span> <span class='ocrx_word' id='word_1_237' title='bbox 666 3362 733 3408; x_wconf 93' lang='lat' dir='ltr'>non</span> <span class='ocrx_word' id='word_1_238' title='bbox 751 3341 792 3407; x_wconf 89' lang='lat' dir='ltr'>ab</span> <span class='ocrx_word' id='word_1_239' title='bbox 810 3341 923 3406; x_wconf 90' lang='lat' dir='ltr'>eadem</span> <span class='ocrx_word' id='word_1_240' title='bbox 939 3351 1112 3425; x_wconf 90' lang='lat' dir='ltr'>utrumque</span> <span class='ocrx_word' id='word_1_241' title='bbox 1129 3354 1222 3426; x_wconf 89' lang='lat' dir='ltr'>parte</span> <span class='ocrx_word' id='word_1_242' title='bbox 1240 3343 1363 3432; x_wconf 86' lang='lat' dir='ltr'>adgredi</span> 
     </span>
     <span class='ocr_line' id='line_1_31' title="bbox 245 3432 1362 3524; baseline 0.005 -28"><span class='ocrx_word' id='word_1_243' title='bbox 245 3457 250 3484; x_wconf 66' lang='lat' dir='ltr'>r</span> <span class='ocrx_word' id='word_1_244' title='bbox 307 3450 322 3497; x_wconf 80' lang='lat'>8</span> <span class='ocrx_word' id='word_1_245' title='bbox 343 3432 469 3499; x_wconf 91' lang='lat' dir='ltr'>hostem</span> <span class='ocrx_word' id='word_1_246' title='bbox 483 3434 640 3519; x_wconf 88' lang='lat' dir='ltr'>placebat,</span> <span class='ocrx_word' id='word_1_247' title='bbox 657 3436 804 3520; x_wconf 86' lang='lat' dir='ltr'>regiones</span> <span class='ocrx_word' id='word_1_248' title='bbox 814 3445 1062 3520; x_wconf 85' lang='lat' dir='ltr'>quaspeterent.</span> <span class='ocrx_word' id='word_1_249' title='bbox 1088 3435 1362 3524; x_wconf 84' lang='lat' dir='ltr'>Valeriumanspi-</span> 
     </span>
     <span class='ocr_line' id='line_1_32' title="bbox 345 3528 1361 3614; baseline 0.004 -24"><span class='ocrx_word' id='word_1_250' title='bbox 345 3537 416 3591; x_wconf 90' lang='lat' dir='ltr'>cato</span> <span class='ocrx_word' id='word_1_251' title='bbox 430 3528 576 3592; x_wconf 87' lang='lat' dir='ltr'>sortitum</span> <span class='ocrx_word' id='word_1_252' title='bbox 586 3529 760 3607; x_wconf 85' lang='lat' dir='ltr'>constabat,</span> <span class='ocrx_word' id='word_1_253' title='bbox 775 3528 862 3613; x_wconf 92' lang='lat' dir='ltr'>quod</span> <span class='ocrx_word' id='word_1_254' title='bbox 875 3528 910 3593; x_wconf 90' lang='lat' dir='ltr'>in</span> <span class='ocrx_word' id='word_1_255' title='bbox 923 3530 1042 3614; x_wconf 92' lang='lat' dir='ltr'>templo</span> <span class='ocrx_word' id='word_1_256' title='bbox 1056 3529 1183 3608; x_wconf 83' lang='lat' dir='ltr'>fuisset3</span> <span class='ocrx_word' id='word_1_257' title='bbox 1201 3531 1361 3599; x_wconf 85' lang='lat' dir='ltr'>inPetillio</span> 
     </span>
     <span class='ocr_line' id='line_1_33' title="bbox 344 3620 1360 3713; baseline 0.007 -28"><span class='ocrx_word' id='word_1_258' title='bbox 344 3621 378 3685; x_wconf 96' lang='lat' dir='ltr'>id</span> <span class='ocrx_word' id='word_1_259' title='bbox 396 3620 464 3685; x_wconf 88' lang='lat' dir='ltr'>vitii</span> <span class='ocrx_word' id='word_1_260' title='bbox 480 3621 603 3687; x_wconf 87' lang='lat' dir='ltr'>factum</span> <span class='ocrx_word' id='word_1_261' title='bbox 617 3633 730 3708; x_wconf 89' lang='lat' dir='ltr'>postea</span> <span class='ocrx_word' id='word_1_262' title='bbox 747 3645 887 3709; x_wconf 90' lang='lat' dir='ltr'>augures</span> <span class='ocrx_word' id='word_1_263' title='bbox 904 3624 1146 3709; x_wconf 85' lang='lat' dir='ltr'>responderunt,</span> <span class='ocrx_word' id='word_1_264' title='bbox 1162 3628 1252 3710; x_wconf 91' lang='lat' dir='ltr'>quod</span> <span class='ocrx_word' id='word_1_265' title='bbox 1269 3628 1360 3713; x_wconf 75' lang='lat' dir='ltr'>(extra</span> 
     </span>
     <span class='ocr_line' id='line_1_34' title="bbox 345 3716 1360 3809; baseline 0.009 -29"><span class='ocrx_word' id='word_1_266' title='bbox 345 3716 514 3801; x_wconf 77' lang='lat' dir='ltr'>templum)</span> <span class='ocrx_word' id='word_1_267' title='bbox 536 3727 653 3783; x_wconf 90' lang='lat' dir='ltr'>sortem</span> <span class='ocrx_word' id='word_1_268' title='bbox 669 3716 703 3782; x_wconf 92' lang='lat' dir='ltr'>in</span> <span class='ocrx_word' id='word_1_269' title='bbox 727 3716 830 3782; x_wconf 89' lang='lat' dir='ltr'>sitella</span> <span class='ocrx_word' id='word_1_270' title='bbox 851 3716 885 3782; x_wconf 90' lang='lat' dir='ltr'>in</span> <span class='ocrx_word' id='word_1_271' title='bbox 905 3718 1061 3803; x_wconf 89' lang='lat' dir='ltr'>templum</span> <span class='ocrx_word' id='word_1_272' title='bbox 1082 3719 1181 3785; x_wconf 92' lang='lat' dir='ltr'>latam</span> <span class='ocrx_word' id='word_1_273' title='bbox 1203 3721 1284 3788; x_wconf 81' lang='lat' dir='ltr'>foris</span> <span class='ocrx_word' id='word_1_274' title='bbox 1303 3723 1360 3809; x_wconf 79' lang='lat' dir='ltr'>ipsc</span> 
     </span>
     <span class='ocr_line' id='line_1_35' title="bbox 345 3809 1360 3902; baseline 0.007 -25"><span class='ocrx_word' id='word_1_275' title='bbox 345 3809 537 3897; x_wconf 85' lang='lat' dir='ltr'>[eduxisset,</span> <span class='ocrx_word' id='word_1_276' title='bbox 564 3833 638 3876; x_wconf 92' lang='lat' dir='ltr'>cum</span> <span class='ocrx_word' id='word_1_277' title='bbox 658 3811 693 3876; x_wconf 91' lang='lat' dir='ltr'>in</span> <span class='ocrx_word' id='word_1_278' title='bbox 714 3812 831 3897; x_wconf 88' lang='lat' dir='ltr'>templo</span> <span class='ocrx_word' id='word_1_279' title='bbox 859 3812 962 3877; x_wconf 88' lang='lat' dir='ltr'>sortiri</span> <span class='ocrx_word' id='word_1_280' title='bbox 991 3823 1023 3878; x_wconf 90' lang='lat' dir='ltr'>et</span> <span class='ocrx_word' id='word_1_281' title='bbox 1050 3812 1176 3901; x_wconf 90' lang='lat' dir='ltr'>ipsum]</span> <span class='ocrx_word' id='word_1_282' title='bbox 1201 3825 1360 3902; x_wconf 79' lang='lat' dir='ltr'>oporteret</span> 
     </span>
     <span class='ocr_line' id='line_1_36' title="bbox 312 3904 1362 3991; baseline 0.005 -18"><span class='ocrx_word' id='word_1_283' title='bbox 312 3904 480 3991; x_wconf 74' lang='lat' dir='ltr'>eprofecti</span> <span class='ocrx_word' id='word_1_284' title='bbox 505 3904 580 3971; x_wconf 91' lang='lat' dir='ltr'>inde</span> <span class='ocrx_word' id='word_1_285' title='bbox 606 3906 640 3970; x_wconf 90' lang='lat' dir='ltr'>in</span> <span class='ocrx_word' id='word_1_286' title='bbox 666 3905 807 3972; x_wconf 88' lang='lat' dir='ltr'>diversas</span> <span class='ocrx_word' id='word_1_287' title='bbox 834 3906 991 3991; x_wconf 90' lang='lat' dir='ltr'>regiones.</span> <span class='ocrx_word' id='word_1_288' title='bbox 1042 3907 1189 3974; x_wconf 91' lang='lat' dir='ltr'>Petillius</span> <span class='ocrx_word' id='word_1_289' title='bbox 1219 3911 1362 3978; x_wconf 77' lang='lat' dir='ltr'>adversus</span> 
     </span>
     <span class='ocr_line' id='line_1_37' title="bbox 344 3998 1364 4089; baseline 0.008 -26"><span class='ocrx_word' id='word_1_290' title='bbox 344 3998 497 4065; x_wconf 89' lang='lat' dir='ltr'>Ballistae</span> <span class='ocrx_word' id='word_1_291' title='bbox 515 4011 548 4064; x_wconf 92' lang='lat' dir='ltr'>et</span> <span class='ocrx_word' id='word_1_292' title='bbox 561 3999 636 4065; x_wconf 91' lang='lat' dir='ltr'>Leti</span> <span class='ocrx_word' id='word_1_293' title='bbox 652 4000 775 4087; x_wconf 87' lang='lat' dir='ltr'>iugum,</span> <span class='ocrx_word' id='word_1_294' title='bbox 793 4000 879 4084; x_wconf 94' lang='lat' dir='ltr'>quod</span> <span class='ocrx_word' id='word_1_295' title='bbox 898 4022 952 4065; x_wconf 91' lang='lat' dir='ltr'>eos</span> <span class='ocrx_word' id='word_1_296' title='bbox 966 4012 1089 4067; x_wconf 89' lang='lat' dir='ltr'>montes</span> <span class='ocrx_word' id='word_1_297' title='bbox 1107 4014 1265 4089; x_wconf 90' lang='lat' dir='ltr'>perpetuo</span> <span class='ocrx_word' id='word_1_298' title='bbox 1279 4006 1364 4071; x_wconf 83' lang='lat' dir='ltr'>dorso</span> 
     </span>
    </p>
   </div>
   <div class='ocr_carea' id='block_1_3' title="bbox 296 4091 1411 4384">
    <p class='ocr_par' dir='ltr' id='par_1_4' title="bbox 296 4091 1411 4384">
     <span class='ocr_line' id='line_1_38' title="bbox 296 4091 1411 4187; baseline 0.006 -28"><span class='ocrx_word' id='word_1_299' title='bbox 296 4114 327 4161; x_wconf 90' lang='lat'>10</span> <span class='ocrx_word' id='word_1_300' title='bbox 345 4094 427 4160; x_wconf 89' lang='lat' dir='ltr'>inter</span> <span class='ocrx_word' id='word_1_301' title='bbox 444 4115 479 4158; x_wconf 95' lang='lat' dir='ltr'>se</span> <span class='ocrx_word' id='word_1_302' title='bbox 495 4091 615 4180; x_wconf 86' lang='lat' dir='ltr'>iungit,</span> <span class='ocrx_word' id='word_1_303' title='bbox 633 4105 737 4160; x_wconf 88' lang='lat' dir='ltr'>castra</span> <span class='ocrx_word' id='word_1_304' title='bbox 754 4094 876 4159; x_wconf 86' lang='lat' dir='ltr'>habuit.</span> <span class='ocrx_word' id='word_1_305' title='bbox 920 4094 966 4159; x_wconf 93' lang='lat' dir='ltr'>ibi</span> <span class='ocrx_word' id='word_1_306' title='bbox 983 4095 1204 4162; x_wconf 86' lang='lat' dir='ltr'>adhortantem</span> <span class='ocrx_word' id='word_1_307' title='bbox 1222 4120 1300 4165; x_wconf 94' lang='lat' dir='ltr'>eum</span> <span class='ocrx_word' id='word_1_308' title='bbox 1316 4119 1367 4187; x_wconf 84' lang='lat' dir='ltr'>pro</span> <span class='ocrx_word' id='word_1_309' title='bbox 1409 4175 1411 4182; x_wconf 18' lang='grc' dir='ltr'><strong><em>Α</em></strong></span> 
     </span>
     <span class='ocr_line' id='line_1_39' title="bbox 346 4187 1369 4275; baseline 0.007 -23"><span class='ocrx_word' id='word_1_310' title='bbox 346 4189 493 4253; x_wconf 89' lang='lat' dir='ltr'>contione</span> <span class='ocrx_word' id='word_1_311' title='bbox 509 4187 639 4265; x_wconf 89' lang='lat' dir='ltr'>milites,</span> <span class='ocrx_word' id='word_1_312' title='bbox 661 4188 869 4254; x_wconf 90' lang='lat' dir='ltr'>inmemorem</span> <span class='ocrx_word' id='word_1_313' title='bbox 887 4188 1104 4275; x_wconf 86' lang='lat' dir='ltr'>ambiguitatis</span> <span class='ocrx_word' id='word_1_314' title='bbox 1121 4190 1227 4270; x_wconf 90' lang='lat' dir='ltr'>verbi,</span> <span class='ocrx_word' id='word_1_315' title='bbox 1251 4195 1369 4259; x_wconf 91' lang='lat' dir='ltr'>omina·</span> 
     </span>
     <span class='ocr_line' id='line_1_40' title="bbox 296 4281 1371 4384; baseline 0.004 -34"><span class='ocrx_word' id='word_1_316' title='bbox 296 4302 326 4350; x_wconf 87' lang='lat'>11</span> <span class='ocrx_word' id='word_1_317' title='bbox 346 4292 415 4346; x_wconf 91' lang='lat' dir='ltr'>tum</span> <span class='ocrx_word' id='word_1_318' title='bbox 440 4281 561 4359; x_wconf 89' lang='lat' dir='ltr'>ferunt,</span> <span class='ocrx_word' id='word_1_319' title='bbox 589 4305 623 4347; x_wconf 92' lang='lat' dir='ltr'>se</span> <span class='ocrx_word' id='word_1_320' title='bbox 649 4304 687 4347; x_wconf 94' lang='lat' dir='ltr'>eo</span> <span class='ocrx_word' id='word_1_321' title='bbox 711 4282 762 4349; x_wconf 89' lang='lat' dir='ltr'>die</span> <span class='ocrx_word' id='word_1_322' title='bbox 784 4281 903 4347; x_wconf 89' lang='lat' dir='ltr'>Letum</span> <span class='ocrx_word' id='word_1_323' title='bbox 925 4294 1094 4384; x_wconf 86' lang='lat' dir='ltr'>capturum</span> <span class='ocrx_word' id='word_1_324' title='bbox 1120 4307 1201 4351; x_wconf 89' lang='lat' dir='ltr'>esse.</span> <span class='ocrx_word' id='word_1_325' title='bbox 1235 4288 1371 4355; x_wconf 88' lang='lat' dir='ltr'>&#39;duabus</span> 
     </span>
    </p>
   </div>
   <div class='ocr_carea' id='block_1_4' title="bbox 0 0 1684 5092">
    <p class='ocr_par' dir='ltr' id='par_1_5' title="bbox 0 0 1684 5092">
     <span class='ocr_line' id='line_1_41' title="bbox 0 0 1684 5092; baseline 0 3"><span class='ocrx_word' id='word_1_326' title='bbox 0 0 1684 5092; x_wconf 95' lang='lat' dir='ltr'> </span> 
     </span>
    </p>
   </div>
  </div>
 </body>
</html>
