3359 5092
433 537 553 595 umus
568 536 743 608 mm,
761 538 804 593 ra
819 537 863 592 ra
882 537 1038 607 [scum]
1188 525 1252 596 103
1320 496 1323 502 ⁵

303 697 398 762 ullius
418 694 547 763 alterius
569 695 616 760 rei
634 695 726 781 copia
742 694 829 760 intus
848 705 930 772 erat,
957 696 1043 762 utin
1060 699 1252 786 necopinata

285 793 400 858 idione.
445 791 552 875 itaque
575 812 650 856 cum
671 790 741 876 spei
762 787 843 855 nihil
861 790 902 854 ad
924 790 1135 859 resistendum
1156 807 1250 872 esset,
1271 815 1302 863 10

290 883 449 952 Carvilius
472 882 656 970 Spoletinus
684 897 716 949 et
735 881 773 948 C.
792 884 948 949 Afranius
967 908 986 950 a
1007 887 1167 971 praesidio
1184 889 1250 954 Ro-

284 1003 319 1045 no
346 979 452 1056 missi,
479 978 536 1062 qui
558 977 714 1044 aPerseo
735 988 881 1064 peterent
909 978 1029 1065 primo,
1055 993 1092 1049 ut
1113 993 1251 1048 armatos

284 1097 346 1160 que
370 1096 481 1140 secum
504 1072 637 1139 ferentis
661 1073 749 1138 abire
771 1072 904 1148 sineret,
930 1073 1019 1151 dein,
1046 1076 1073 1140 si
1094 1075 1129 1141 id
1145 1077 1250 1142 minus

284 1180 444 1245 ›etrarent‚
467 1167 551 1234 vitae
569 1177 694 1232 tantum
710 1166 930 1251 libertatisque
948 1168 1044 1235 fidem
1062 1170 1250 1256 acciperent.

285 1264 417 1329 missum
444 1262 478 1327 id
499 1262 670 1348 benignius
692 1273 741 1328 est
765 1262 808 1326 ab
830 1285 907 1348 rege
931 1285 1027 1347 quam
1049 1265 1250 1350 praestitum
1270 1283 1301 1330 11

284 1383 310 1425 re
331 1359 419 1424 enim
441 1380 500 1422 sua
522 1375 632 1423 secum
654 1355 859 1422 efferentibus
882 1357 977 1422 iussis
998 1358 1136 1444 primum
1164 1383 1252 1426 arma

284 1452 351 1518 mit.
379 1452 429 1516 bis
439 1450 519 1516 urbe
528 1450 664 1536 egressis
680 1461 712 1515 et
720 1450 902 1536 Illyriorum
912 1452 1251 1540 cohors—quingenti

284 1559 313 1611 ut
330 1583 375 1592 -
390 1557 424 1611 et
440 1541 644 1610 Uscanenses
662 1567 697 1609 se
714 1545 892 1628 urbemque
910 1545 1108 1612 dediderunt.

288 1639 440 1707 XVIIH.
466 1638 606 1705 Perseus
622 1638 782 1724 praesidio
790 1636 942 1706 Uscanae
954 1640 1092 1726 inposito
1109 1643 1251 1709 multitu·
1270 1660 1283 1707 1

284 1758 330 1801 em
348 1756 476 1800 omnem
494 1734 685 1810 deditorum,
703 1754 788 1817 quae
805 1755 906 1818 prope
924 1757 1058 1800 numero
1076 1737 1251 1804 exercitum

285 1832 397 1907 uabat,
422 1827 594 1896 Stuberam
617 1829 757 1894 abducit.
792 1829 839 1894 ibi
861 1828 1014 1894 Romanis
1035 1866 1080 1878 -
1101 1843 1251 1915 quattuor
1269 1846 1284 1895 2

284 1924 311 1989 ia
333 1935 442 1989 autem
464 1922 628 1988 bominum
651 1935 741 1987 erant
758 1934 945 2007 —praeter
967 1923 1127 2010 principes
1143 1925 1177 1989 in
1195 1947 1252 1990 cu·

284 2018 360 2083 liam
379 2017 545 2083 civitatum
562 2017 683 2094 divisis,
701 2015 943 2082 Uscanensibus
952 2017 1123 2103 lllyrlsque
1140 2020 1251 2085 vendi-

285 2112 506 2178 nPenestiam
515 2111 690 2178 exercitum
703 2111 849 2176 redducit
862 2112 904 2176 ad
914 2109 1083 2178 anneum
1098 2114 1251 2200 oppidum

285 2217 466 2293 potestatem
480 2205 703 2292 redigendum
722 2217 754 2270 et
768 2206 885 2289 alioqui
899 2216 1077 2292 opportune
1095 2207 1201 2286 situm,
1220 2218 1251 2272 et
1269 2223 1284 2270 3

285 2302 373 2367 rsitus
393 2324 432 2366 ea
449 2312 497 2366 est
513 2299 728 2377 inLabeates,
747 2299 804 2364 ubi
814 2298 951 2365 Gentius
968 2301 1134 2386 regnabat.
1160 2324 1252 2388 prae
1269 2318 1285 2364 4

285 2397 358 2462 eunti
375 2396 527 2480 frequens
546 2394 726 2472 castellum,
743 2394 953 2459 Draudacum
970 2395 1112 2472 nomine,
1135 2396 1252 2481 perito—

285 2516 295 2556 r
316 2491 449 2576 quidam
471 2489 608 2575 regionis
632 2489 700 2555 eius
723 2488 802 2553 nibil
819 2486 953 2554 anneo
971 2500 1064 2575 capto
1082 2510 1163 2576 opus
1182 2511 1251 2556 esse

294 2587 356 2651 nisi
372 2586 408 2650 in
420 2596 577 2670 potestate
591 2583 842 2649 etDraudaoum
857 2582 911 2648 sit:
930 2582 1140 2670 opportunius
1155 2583 1251 2649 etiam

285 2682 390 2746 omnia
413 2679 552 2765 positum
570 2700 651 2744 esse.
695 2677 824 2742 admoto
842 2678 985 2742 exercitu
1001 2700 1112 2743 omnes
1130 2687 1284 2744 extem-o

294 2775 486 2842 dediderunt
503 2795 582 2839 sese.
614 2794 680 2856 qua
696 2794 753 2857 spe
771 2771 921 2837 celeriore
940 2771 1099 2838 deditione
1117 2782 1251 2847 erectus,

285 2885 395 2955 tquam
413 2867 646 2942 animadvertit,
662 2878 803 2949 quantus
821 2865 958 2952 agminis
977 2865 1026 2932 sui
1044 2876 1145 2933 terror
1157 2877 1251 2942 esset,

285 2967 373 3033 ‚ecim
395 2964 459 3029 alia
486 2962 617 3027 castella
643 2960 756 3027 eodem
782 2971 870 3026 metu
892 2961 926 3025 in
954 2972 1143 3047 potestatem
1169 2960 1253 3026 redi·

315 3061 357 3125 ad
381 3080 543 3145 perpauca
565 3056 598 3121 vi
616 3078 696 3142 opus
714 3055 790 3131 fuit,
812 3067 920 3121 cetera
947 3056 1109 3122 voluntate
1128 3054 1283 3129 dedita36

285 3181 308 3222 n
332 3155 382 3220 his
404 3152 525 3239 recepti
547 3151 634 3216 mille
656 3161 688 3216 et
715 3149 883 3236 quingenti
910 3150 1053 3235 dispositi
1078 3171 1135 3233 per
1161 3169 1253 3232 prae-

285 3276 304 3316 a
327 3250 445 3315 milites
463 3247 610 3313 Romani.
655 3267 773 3331 magno
791 3244 865 3310 usui
883 3241 1045 3309 Carvilius
1069 3241 1252 3327 Spoletinus
1271 3259 1285 3306 r

285 3373 291 3411 ;
313 3348 349 3411 in
368 3342 543 3426 conloquiis
562 3340 711 3416 dicendo,
737 3338 818 3404 nibil
840 3338 875 3404 in
896 3339 982 3425 ipsos
1001 3337 1167 3403 saevitum.
1212 3334 1254 3399 ad

286 3465 395 3509 cneum
416 3449 606 3526 perventum
629 3446 693 3513 est,
715 3434 804 3519 qnod
825 3435 893 3501 sine
915 3436 999 3500 iusta
1017 3430 1254 3520 oppugnatione

286 3540 295 3604 i
312 3562 380 3603 non
401 3546 535 3623 poterat.
580 3542 613 3598 et
634 3532 754 3598 maiore
774 3532 940 3616 aliquanto
962 3551 1060 3613 quam
1078 3539 1184 3592 cetera
1204 3526 1254 3592 iu-

286 3647 356 3700 tute
375 3645 408 3697 et
424 3631 567 3696 validum
581 3628 734 3714 oppidum
747 3627 914 3691 moenibus
929 3635 996 3690 erat
1009 3634 1041 3688 et
1058 3622 1132 3688 hinc
1150 3620 1252 3686 aurnis
1269 3635 1285 3684 8

286 3743 360 3795 atus
383 3725 525 3801 nomine,
553 3723 627 3788 hine
648 3742 740 3786 mons
767 3719 928 3806 praealtus
949 3730 983 3783 et
1004 3716 1093 3783 aditu
1116 3712 1253 3780 difficilis

286 3824 385 3912 gebat.
430 3821 510 3885 haec
533 3841 622 3904 spem
645 3817 686 3882 ad
708 3815 921 3881 resistendum
938 3810 1106 3899 oppidanis
1125 3809 1253 3874 dabant.

286 3941 365 3985 'seue
385 3915 623 3982 circumvallato
641 3911 759 3997 oppido
777 3930 929 3996 aggerem
948 3931 968 3972 a
985 3917 1074 3993 parte
1092 3902 1253 3989 superiore
1272 3920 1287 3966 9

286 4037 343 4081 ere
361 4010 511 4086 institnit,
530 4008 621 4073 cuius
639 4005 805 4071 altitudine
822 4025 931 4068 muros
949 4009 1122 4086 superaret.
1166 3994 1253 4079 quod
1273 4011 1305 4058 10

286 4133 306 4174 s
322 4107 405 4172 dum
422 4103 598 4190 perficitur,
617 4100 737 4166 crebris
754 4098 880 4164 interim
898 4096 1041 4183 proeliis,
1064 4089 1181 4176 quibus
1198 4109 1255 4173 per

286 4204 433 4271 ursiones
442 4214 475 4267 et
489 4200 614 4266 moenia
623 4197 843 4284 suaoppidani
856 4196 1044 4262 tutabantur
1051 4203 1084 4256 et
1092 4210 1190 4274 opera
1199 4186 1257 4251 ho-

286 4325 327 4367 rn
339 4297 555 4386 inpediebant‚
573 4317 692 4386 magna
706 4317 816 4362 eorum
828 4291 1000 4358 multitudo
1013 4285 1110 4353 variis
1128 4282 1255 4350 casibus
