3359 5092
349 529 412 598 160
556 538 673 595 ursan
689 535 1166 606 xxxxv,11.1a[a.u.0.osc]

314 728 330 775 a
348 701 487 789 primum
509 698 550 762 ad
571 718 727 770 sororem,
755 694 869 759 deinde
887 693 929 758 ad
950 692 1082 757 fratrem
1103 689 1284 777 amicosque
1299 694 1350 759 eius

347 818 412 861 non
429 793 517 880 prius
535 791 654 857 destitit
670 790 805 866 mittere,
823 809 921 872 quam
942 810 1054 873 pacem
1069 809 1144 852 cum
1160 793 1187 852 is
1207 788 1350 853 confirma·

314 915 330 962 4
347 901 406 955 ret.
433 898 616 973 suspectum
625 884 822 949 Antiochum
832 882 991 958 effecerat,
1005 881 1093 965 quod
1107 893 1213 947 cetera
1220 883 1350 969 Aegypto

348 984 408 1048 sibi
438 982 553 1046 tradita
578 979 700 1044 Pelusii
731 977 874 1042 validum
899 976 1044 1041 relictum
1071 987 1139 1041 erat
1166 978 1349 1063 praesidium

314 1103 330 1150 5
348 1076 523 1162 apparebat
539 1076 677 1139 claustra
687 1071 831 1158 Aegypti
849 1071 960 1148 teneri,
977 1081 1015 1135 ut
1031 1092 1105 1135 cum
1121 1072 1228 1149 vellet,
1246 1093 1351 1135 rursum

347 1170 521 1236 exercitum
528 1167 706 1243 induceret3
721 1165 805 1230 bello
814 1165 963 1230 intestino
973 1185 1047 1230 cum
1060 1165 1158 1231 fratre
1168 1188 1244 1230 eum
1252 1165 1351 1230 exitum

347 1265 426 1343 fore,
444 1274 480 1328 ut
496 1263 599 1327 victor
614 1262 719 1327 fessus
733 1261 905 1326 certamine
922 1281 1124 1344 nequaquam
1142 1260 1350 1346 parAntiocho
1385 1311 1386 1320 ,

314 1360 474 1430 afuturus
496 1366 589 1423 esset
622 1355 703 1421 haec
728 1355 901 1441 prudenter
927 1354 1149 1419 animadversa
1175 1352 1226 1440 [a]
1253 1353 1350 1419 maiore

348 1475 422 1518 cum
439 1451 576 1516 adsensu
598 1450 702 1514 minor
723 1450 821 1514 frater
843 1449 962 1533 quique
980 1469 1054 1514 cum
1072 1470 1110 1513 eo
1128 1461 1219 1513 erant
1240 1469 1350 1533 accepe·
1383 1465 1386 1504 f

346 1557 435 1623 runt3
463 1567 552 1610 soror
577 1543 752 1630 plurimum
774 1543 911 1620 adiuvit,
936 1566 1002 1608 non
1024 1543 1154 1608 consilio
1176 1544 1287 1619 mode,
1310 1540 1350 1606 sod
1382 1551 1387 1624 ζ

314 1666 328 1711 7
348 1640 443 1705 etiam
459 1638 617 1725 precibus.
643 1638 751 1721 itaque
765 1636 1036 1702 consentientibus
1050 1637 1172 1702 cunctis
1190 1660 1269 1722 pace
1285 1637 1349 1700 facta
1379 1631 1386 1674 '³

345 1734 583 1801 Alexandream
596 1733 756 1819 recipitur,
764 1756 805 1798 ne
818 1732 1021 1798 multitudine
1031 1733 1160 1817 quidem
1172 1734 1348 1806 adversante,
1382 1755 1387 1826 ²,

346 1850 429 1914 quae
446 1828 580 1894 inbelle
597 1850 662 1893 non
679 1849 737 1914 per
753 1827 952 1892 obsidionem
969 1828 1076 1904 modo,
1095 1828 1152 1892 sed
1171 1829 1266 1893 etiam
1283 1837 1348 1913 post·
1377 1835 1387 1876 ὲ

345 1945 443 2008 quam
460 1946 480 1988 a
496 1922 663 1989 moenibus
681 1922 865 1987 abscessum
887 1933 949 1997 est,
972 1923 1047 2006 quia
1064 1922 1143 1986 nihil
1161 1946 1201 1987 ex
1219 1924 1348 2008 Aegypto

312 2040 328 2088 8
346 2018 598 2095 subvehebatur,
620 2018 762 2081 omnium
779 2040 887 2083 rerum
905 2017 1077 2082 adtenuata
1093 2018 1203 2103 inopia
1222 2030 1295 2084 erat.
1329 2018 1347 2078 ls

347 2135 421 2179 cum
444 2113 554 2179 laetari
573 2113 770 2178 Antiochum
788 2114 980 2179 conveniens
1003 2124 1101 2190 esset,
1128 2115 1155 2177 si
1176 2108 1348 2178 redducendi

347 2207 416 2273 eius
434 2229 531 2273 causa
548 2209 724 2273 exercitum
733 2208 921 2293 Aegyptum
938 2208 1126 2283 induxisset,
1144 2230 1209 2291 quo
1228 2208 1347 2293 specioso

347 2302 438 2366 titulo
461 2301 502 2367 ad
524 2303 626 2367 omnis
644 2302 744 2367 Asiae
766 2313 798 2367 et
816 2300 972 2368 Graeciae
991 2303 1135 2367 civitates
1157 2303 1347 2388 legationibus

345 2397 534 2483 recipiendis
564 2397 740 2481 litterisque
771 2397 966 2462 dimittendis
997 2420 1073 2462 usus
1101 2408 1182 2474 erat,
1217 2399 1293 2462 adeo
1315 2405 1347 2459 est

345 2490 497 2569 offensus,
510 2502 547 2556 ut
559 2492 660 2556 multo
675 2491 778 2556 acrius
792 2490 1002 2575 infestiusque
1016 2491 1169 2556 adversus
1179 2492 1259 2556 duos
1273 2509 1346 2575 quam

312 2606 326 2653 9
346 2596 419 2651 ante
437 2586 589 2651 adversus
607 2609 708 2650 unum
726 2597 851 2671 pararet
869 2586 998 2651 bellum.
1045 2583 1191 2671 Cyprum
1211 2583 1346 2669 externplo

346 2680 482 2745 classem
498 2680 599 2757 misit3
621 2681 690 2766 ipse
712 2679 815 2765 primo
832 2703 907 2745 vere
930 2702 1004 2744 cum
1022 2681 1163 2745 exercitu
1180 2681 1345 2766 Aegyptum
1380 2717 1387 2732 -

297 2793 329 2841 10
345 2785 457 2859 petens
470 2774 504 2838 in
514 2771 635 2839 Coelen
645 2773 772 2859 Syriam
785 2775 948 2860 processit.
973 2775 1057 2839 circa
1065 2775 1281 2840 Rhinocolura
1288 2773 1345 2838 Pto·

344 2867 458 2931 lernaei
480 2867 592 2952 legatis
615 2868 783 2953 agentibus
800 2869 934 2954 gratias,
960 2868 1048 2952 quod
1067 2892 1126 2954 per
1143 2893 1219 2934 eum
1235 2885 1344 2955 regnum

345 2960 484 3046 patrium
502 2962 681 3047 recepisset,
700 2963 956 3049 petentibusque,
974 2973 1010 3026 ut
1024 2986 1117 3027 suum
1130 2987 1248 3028 munus
1264 2974 1344 3027 tuere·

346 3066 398 3119 tur
410 3066 442 3120 et
456 3055 573 3121 diceret
591 3057 697 3142 potius
711 3057 789 3140 quid
805 3057 875 3122 fieri
889 3058 983 3123 vellet
996 3078 1093 3142 quarn
1110 3058 1211 3123 hostis
1230 3082 1269 3124 ex
1280 3051 1342 3121 socio

296 3167 326 3215 11
345 3149 449 3215 factus
467 3150 500 3214 vi
517 3161 613 3235 atque
632 3152 727 3217 armis
746 3164 864 3237 ageret,
883 3153 1054 3238 respondit,
1072 3176 1137 3217 non
1156 3154 1247 3218 aliter
1262 3165 1341 3232 neque

346 3244 480 3309 classem
497 3257 720 3311 revocaturum
737 3268 841 3330 neque
860 3247 1032 3312 exercitum
1050 3248 1285 3321 redductum,
1299 3249 1366 3332 niu·

345 3338 406 3401 sibi
423 3349 455 3403 et
472 3349 538 3402 tota
557 3336 665 3424 Cypro
683 3351 715 3405 et
730 3340 863 3406 Pelusio
881 3363 1021 3426 agroque
1045 3343 1100 3425 qui
1122 3343 1208 3406 circa
1224 3337 1341 3408 Pelusia·

346 3451 419 3494 cum
437 3432 554 3495 ostium
571 3433 637 3496 Nili
655 3444 738 3498 esset
755 3434 881 3499 cederet
896 3433 995 3521 [rex],
1015 3434 1163 3518 diemque
1180 3428 1339 3522 praesituib
1356 3431 1358 3436 ’

344 3523 428 3587 intra
441 3544 537 3608 quarn
552 3526 591 3591 de
601 3527 838 3592 condicionibus
852 3529 988 3613 peractis
1002 3551 1192 3613 responsum
1201 3529 1338 3614 acciperet·

312 3638 326 3684 1
408 3616 490 3682 ΧΠ.
517 3618 694 3704 Postquam
721 3622 788 3687 dies
816 3623 891 3686 data
916 3623 1046 3687 indutiis
1077 3626 1240 3709 praeteriit
1265 3608 1338 3708 [.···l

311 3730 326 3777 2
344 3711 570 3796 navigantibus
588 3715 669 3779 ostio
683 3716 749 3780 Nili
766 3715 997 3802 ad'Pelusium‚
1015 3740 1074 3802 per
1091 3717 1218 3783 deserta
1227 3711 1339 3781 Araris

344 3802 370 3891 [.
381 3851 390 3867 .
401 3851 409 3868 .
420 3802 445 3891 .]
463 3806 505 3870 ad
521 3805 700 3893 Memphim
722 3809 918 3888 incolebant,
941 3822 973 3875 et
994 3812 1036 3875 ab
1055 3813 1166 3876 ceteris
1185 3805 1340 3898 Aegyptiis

343 3900 460 3985 partim
477 3902 649 3981 voluntate,
667 3904 782 3990 partim
799 3916 901 3982 metu,
920 3906 961 3968 ad
978 3906 1218 3972 Alexandream
1236 3896 1341 3970 modicis

310 3994 506 4060 sitinen'bus
528 3996 699 4063 descendit.
744 3999 785 4063 ad
807 3999 993 4064 Eleusinem
1015 4011 1215 4086 transgresso
1237 4002 1341 4066 flumen

344 4088 399 4171 qui
416 4089 505 4154 locus
523 4103 673 4174 quattuor
689 4093 776 4156 miha
794 4093 835 4157 ab
845 4093 1050 4159 Alexandrea
1067 4096 1168 4172 abest,
1187 4095 1284 4181 legati
1295 4091 1342 4156 Ro

309 4201 326 4248 4
342 4182 429 4246 mani
446 4198 660 4251 occurrerunt.
696 4208 776 4270 quos
795 4209 868 4251 cum
886 4188 1082 4253 advenientis
1101 4191 1269 4255 salutasset
1285 4187 1342 4251 der·

343 4285 486 4360 tramque
495 4278 633 4364 Popillio
650 4280 834 4365 porrigeret,
853 4282 986 4347 tabellas
1004 4283 1033 4347 ei
1041 4282 1200 4369 Popillius
1220 4283 1344 4371 [senatus
