3359 5092
345 518 389 584 90
561 529 872 599 LIBERXXXXIH,
889 529 955 584 Ab.
975 526 1158 598 [anam]

313 708 328 758 ι
346 689 400 775 plo
423 689 579 755 exercitus
601 688 698 764 foret,
723 686 796 773 capi
817 698 922 752 castra
944 684 1116 771 potuerint·
1160 693 1229 747 tum
1245 701 1351 765 quoque
1400 721 1406 768 t

345 782 450 869 fuga
441 805 555 869 ingens
577 782 664 847 facta
681 792 743 857 est3
768 791 800 846 et
817 790 908 847 erant
929 800 985 863 qur
975 778 1127 865 legatos
1144 773 1354 841 mittendosatl
1401 789 1406 822 ῑ

345 899 459 962 pacem
485 875 632 962 precibus
658 885 714 962 pet
701 875 831 941 tendam
857 883 1038 950 censerent,
1066 870 1276 953 civitatesque
1297 889 1356 934 con·

312 991 327 1038 s
345 971 453 1057 plures
471 992 509 1036 eo
532 971 643 1035 nuntio
667 969 756 1035 audit
744 981 775 1033 to
793 969 826 1033 iu
844 967 1039 1033 deditionem
1057 975 1223 1032 venerunt.
1258 962 1358 1048 quibus

345 1066 556 1151 purgantibus
583 1086 653 1129 sese
676 1063 867 1148 culpamque
889 1062 923 1126 in
946 1061 1083 1126 duorum
1106 1058 1280 1124 amentiam
1299 1077 1361 1121 con·
1402 1111 1405 1186 4

345 1158 535 1236 ferentibus,
554 1158 610 1242 qui
628 1181 661 1224 se
679 1157 763 1222 ultro
781 1157 822 1222 ad
840 1178 977 1242 poenam
993 1154 1055 1241 ipsi
1072 1152 1279 1239 optulissent,
1302 1171 1362 1216 cun
1403 1197 1405 1254 q

346 1253 473 1319 veniam
486 1252 626 1318 dedisset
643 1263 779 1337 praetor,
797 1250 960 1336 profectus
974 1249 1135 1334 extemplo
1148 1247 1192 1312 ad
1205 1246 1285 1312 alias
1299 1242 1405 1316 civi·

311 1368 328 1415 4
345 1357 437 1424 tates,
456 1346 628 1412 omnibus
618 1357 775 1431 imperata
792 1344 983 1412 facientibus
996 1342 1105 1427 quieto
1119 1342 1265 1408 exercitu
1282 1360 1405 1426 paca·

346 1452 415 1506 tum
446 1463 575 1527 agrum,
611 1441 667 1525 qui
697 1440 794 1526 paulo
820 1451 894 1507 ante
924 1438 1049 1549 ingenti
1079 1437 1221 1503 tumultu
1248 1444 1364 1508 ιιιιιιιι,

312 1557 327 1605 ι
346 1536 539 1622 peragravit
591 1535 671 1601 haec
696 1534 810 1600 lenitas
836 1534 1006 1620 praetoris,
1033 1555 1098 1617 qua
1124 1531 1194 1597 sine
1221 1526 1364 1615 sanguina

346 1630 575 1695 ferocissimam
589 1640 719 1715 gentem
733 1629 910 1707 domuerat,
928 1650 966 1693 eo
982 1627 1102 1713 gratior
1114 1625 1202 1712 plebi
1216 1624 1405 1711 patribus-

346 1745 409 1808 que
426 1724 498 1803 fuit,
516 1746 581 1809 quo
598 1721 757 1790 crudelius
772 1724 963 1808 avariusque
976 1723 1010 1788 in
1020 1721 1160 1788 Graecia
1177 1721 1365 1785 bellatumet

314 1839 328 1887 6
347 1818 388 1882 ab
407 1818 537 1883 consule
555 1818 685 1883 Licinio
705 1830 737 1884 et
754 1819 795 1883 ab
813 1817 967 1883 Lucretio
984 1828 1130 1902 praetore
1148 1826 1228 1880 erat.
1257 1814 1365 1878 Lucra·

346 1914 425 1977 tium
448 1913 567 1977 tribuni
588 1913 690 1998 plebis
714 1913 880 1978 absentem
902 1911 1104 1977 contionibus
1128 1908 1274 1976 adsiduis
1294 1907 1365 1972 lace·

345 2006 475 2084 rabant,
503 2029 577 2071 cum
593 2007 639 2072 rei
660 2005 808 2093 publicae
826 2029 924 2072 causa
941 2007 1053 2072 abesse
1071 2015 1296 2079 excusaretur,
1319 1999 1366 2066 sed
1401 1992 1405 2019 ¹

346 2110 415 2163 tum
438 2054 572 2166 adeo
541 2100 648 2165 vicina
670 2101 768 2166 etiam
789 2100 987 2186 inexplorata
1005 2110 1109 2175 erant,
1136 2112 1174 2164 ut
1195 2098 1224 2164 is
1243 2119 1282 2163 eo
1300 2107 1405 2168 tem·

346 2215 424 2279 pore
449 2193 483 2258 in
505 2216 584 2281 agro
606 2216 666 2260 suo
688 2195 814 2260 Antiati
836 2205 920 2261 esset
945 2215 1128 2279 aquamque
1149 2215 1192 2260 cx
1218 2185 1406 2258 manubiis}

314 2310 327 2355 ι
346 2287 483 2354 Antrum
500 2312 541 2354 ex
565 2289 696 2355 flumine
713 2288 894 2354 Loracinae
912 2290 1052 2355 duceret„
1096 2288 1130 2352 id
1148 2309 1234 2374 opus
1253 2297 1405 2362 centum:

346 2382 477 2469 triginta
488 2384 617 2448 milibus
632 2384 714 2450 aeris
726 2384 849 2450 locasse
863 2384 993 2460 dicitur3
1012 2382 1129 2449 tabulis
1145 2377 1405 2467 quoquepictis
1395 2413 1406 2480 p

312 2498 326 2545 8
346 2498 387 2541 ex
403 2477 524 2564 praeda
540 2477 653 2543 fanum
671 2477 847 2563 Aesculapi
865 2478 1040 2542 exornavit.
1075 2476 1234 2542 invidiam
1252 2471 1367 2540 infami·

347 2592 462 2679 amque
476 2572 517 2636 ab
526 2570 679 2636 Lucretio
694 2582 877 2637 averterunt
890 2570 924 2635 in
933 2572 1145 2637 Hortensium
1160 2588 1369 2637 successoren

346 2666 414 2729 eius
432 2665 609 2731 Abderitae
630 2666 744 2750 legati,
766 2666 878 2730 flentes
901 2676 975 2731 ante
993 2664 1115 2730 curiam
1132 2676 1369 2747 querentesque,

347 2759 501 2841 oppidum
527 2780 621 2823 suum
650 2759 692 2822 ab
710 2761 794 2824 Hort
781 2760 883 2825 tensio
910 2770 1130 2845 expugnatum
1153 2781 1193 2824 ac
1221 2759 1369 2844 direptum

313 2870 327 2918 9
347 2871 430 2916 esse.
449 2871 579 2916 causam
597 2851 712 2917 excidii
729 2852 828 2920 fuisse
846 2851 929 2930 urbi,
947 2853 1126 2937 quodcum
1144 2864 1280 2919 centum
1296 2849 1370 2916 milis

347 2944 512 3010 denaridm
527 2957 559 3011 et
576 2945 673 3011 tritici
686 2947 920 3033 quinquaginta
934 2949 1023 3015 milia
1034 2949 1180 3014 modium
1198 2949 1371 3035 imperaret

347 3040 485 3124 spatium
499 3040 657 3125 petierint,
677 3063 741 3126 quo
759 3043 799 3106 de
817 3066 856 3107 ea
873 3065 907 3108 re
921 3054 953 3108 et
971 3043 1014 3108 ad
1022 3043 1201 3108 Hostilium
1217 3042 1370 3108 consulem

298 3150 328 3199 10
347 3145 379 3199 et
396 3134 533 3201 Romam
560 3135 617 3199 mit
605 3145 721 3201 tterent
746 3137 833 3221 legat
834 3158 879 3200 os.
923 3137 1057 3201 vixdum
1083 3136 1126 3201 ad
1153 3139 1323 3203 consulem
1345 3152 1371 3198 sc

345 3228 544 3312 pervenisse,
573 3239 605 3294 et
592 3228 755 3294 tendisse
777 3229 932 3315 oppidum
953 3241 1193 3316 expugnatum,
1221 3229 1371 3318 principa

296 3339 325 3384 11
347 3321 450 3384 securi
463 3343 645 3430 percussos,
664 3323 724 3387 sub
742 3343 860 3387 corona
878 3333 998 3388 ceteros
1016 3324 1153 3389 venisse.
1190 3324 1327 3411 indigna
1342 3341 1372 3386 aa

347 3414 473 3478 senatur
482 3436 551 3479 visa
551 3415 843 3499 decreveruntque
853 3416 966 3481 eadem
978 3417 1019 3482 de
1027 3417 1198 3483 Abderitis
1199 3408 1372 3505 ,quae[de]

348 3503 523 3572 Coronaeis
546 3508 751 3574 decreverant
774 3510 879 3595 priore
902 3532 1002 3588 anno,
1029 3512 1211 3596 eademque
1229 3534 1291 3599 pro
1309 3532 1373 3578 eou-

298 3617 329 3663 ιι
348 3599 434 3664 tione
452 3600 576 3666 edicere
596 3599 637 3684 Q.
648 3602 816 3668 Maenium
833 3614 1013 3687 praetorem
1030 3605 1207 3671 iusserunt.
1236 3618 1270 3671 et
1287 3599 1373 3692 legati

349 3694 426 3769 duo,
446 3692 485 3759 C.
505 3693 713 3782 Sempronius
731 3696 882 3773 Blaesus,
901 3695 978 3764 Sex.
996 3697 1099 3764 Iulius
1119 3696 1258 3779 Caesar,
1278 3700 1375 3766 adra·
1404 3731 1406 3740 ι

299 3806 330 3853 13
350 3788 526 3854 stituendos
543 3791 578 3855 in
594 3790 773 3855 libertatem
790 3789 964 3856 Abderitas
982 3792 1081 3857 missi.
1125 3794 1234 3859 isdem
1252 3792 1376 3860 manda·

348 3893 426 3961 tum,
441 3894 478 3949 ut
487 3894 518 3949 et
527 3884 667 3949 Hostilio
676 3884 798 3950 consuli
807 3895 839 3949 et
847 3885 1022 3950 Hortensio
1031 3888 1174 3971 praetori
1186 3890 1376 3960 nuntiarent

347 3988 495 4044 senatum
512 3978 678 4044 Abderitis
695 3977 848 4043 iniustum
870 3977 990 4043 bellum
1011 3979 1149 4046 inlatum
1172 3982 1376 4068 conquirique

348 4094 457 4138 omnes
473 4072 529 4157 qui
542 4073 575 4137 in
589 4071 741 4137 servitute
757 4070 820 4136 sint
834 4080 867 4137 et
879 4073 1003 4138 restitui
1016 4074 1051 4138 in
1069 4075 1259 4142 libertatem
1271 4095 1375 4144 ascum

348 4188 487 4234 censere.

314 4281 328 4328 1
413 4262 456 4328 V.
482 4259 608 4325 Eodem
626 4271 768 4345 tempore
785 4262 825 4328 de
845 4259 885 4328 (l.
904 4260 1035 4343 Cassio,
1058 4263 1116 4349 qui
1139 4266 1255 4332 consul
1278 4264 1376 4353 priora
