3359 5092
510 545 627 609 aman
643 545 803 617 xxm,
821 546 863 602 49.
877 546 920 602 eo.
940 549 979 615 [a.
990 545 1021 604 c.
1031 548 1094 617 171]
1276 534 1318 606 69

295 726 439 791 quaeque
460 702 586 769 inscitia
607 714 640 769 et
661 702 838 769 temeritate
860 703 978 768 dueum
1001 704 1100 769 cladis
1118 728 1213 792 saepe
1235 706 1318 772 acci-

298 800 411 876 derint,
437 820 520 884 quae
546 808 656 863 contra
681 797 767 862 bona
791 797 961 883 prudentia
986 809 1018 864 et
1043 799 1144 864 virtus
1167 800 1315 867 attiderit.

299 915 387 977 quem
406 892 487 958 scire
504 890 686 956 mortalium
698 891 802 956 utrius
818 892 944 970 mentis,
962 892 1064 957 utrius
1081 893 1228 960 fortunae
1242 916 1317 960 con·
1335 915 1350 965 e

301 989 395 1054 sidem
421 987 464 1052 ad
489 986 609 1052 bellum
635 985 781 1051 mittant?
820 985 1110 1072 triumphantemne
1140 1011 1216 1054 mox
1243 1011 1316 1056 oum

302 1082 433 1149 exercitu
459 1082 579 1146 victore
606 1079 812 1146 scandentem
837 1080 872 1148 iu
899 1078 1094 1167 Capitolium
1121 1083 1163 1148 ad
1189 1084 1317 1151 eosdem

303 1176 378 1255 deos,
396 1200 417 1242 a
429 1174 545 1260 quibus
559 1175 787 1260 proficiscatur,
802 1174 912 1251 visuri,
926 1198 967 1240 an
981 1175 1126 1241 hostibus
1140 1200 1211 1242 eam
1224 1201 1317 1265 prae·

304 1270 387 1336 bituri
404 1270 557 1337 laetitiam
574 1267 657 1334 sinti
699 1268 793 1335 Persi
810 1280 918 1335 autem
939 1271 1023 1356 regi,
1050 1271 1203 1338 adversus
1221 1294 1317 1356 quem
1336 1294 1350 1341 ⁷

304 1366 406 1442 ibatur,
423 1365 544 1430 famam
561 1374 594 1430 et
611 1364 694 1430 bello
712 1364 798 1429 clara
814 1363 1032 1430 Macedonum
1049 1388 1130 1452 gens
1147 1379 1179 1433 et
1192 1365 1317 1453 Philip-

305 1483 354 1547 pus
369 1472 471 1547 pater,
488 1460 571 1525 inter
586 1459 688 1524 multa
705 1481 856 1546 prospere
873 1471 964 1547 gesta
980 1459 1127 1527 Romano
1146 1462 1242 1527 etiam
1258 1484 1316 1528 no-

304 1553 430 1621 bilitatus
453 1552 553 1631 bello,
579 1552 769 1639 praebebat3
796 1564 866 1618 tum
882 1553 982 1640 ipsius
999 1554 1112 1622 Persei
1128 1578 1314 1641 numquam,

304 1671 337 1716 ex
357 1671 419 1733 quo
444 1670 581 1734 regnum
607 1648 796 1734 accepisset,
829 1648 967 1714 desitum
992 1648 1070 1715 belli
1096 1651 1315 1736 expectatione

304 1744 442 1810 celebrari
463 1764 589 1808 nomen.
634 1764 708 1807 oum
728 1741 778 1806 his
801 1742 1047 1829 cogitationibus
1065 1745 1208 1809 omnium
1231 1745 1349 1811 ordi-s

304 1860 367 1904 num
395 1838 541 1903 homines
572 1836 824 1923 proficiscentem
851 1838 1014 1904 consulem
1045 1840 1205 1925 prosecuti
1231 1853 1314 1905 sunt.

303 1931 355 1998 duo
368 1933 548 1998 consulares
562 1929 681 1995 tribuni
694 1930 830 1996 militum
845 1952 919 1996 curn
932 1954 970 1998 eo
979 1932 1077 2010 missi,
1097 1931 1136 1998 0.
1148 1931 1314 2010 Claudius,
1334 1951 1348 1999 e

304 2023 338 2108 Q.
351 2026 491 2103 Mucius,
509 2036 541 2092 et
557 2036 621 2091 tres
639 2025 788 2091 inlustres
805 2026 948 2103 iuvenes,
964 2025 1004 2091 P.
1022 2027 1183 2094 Lentulus
1200 2039 1233 2096 et
1250 2029 1314 2094 duo

303 2119 392 2186 Manli
414 2121 560 2199 Acidini3
586 2122 666 2186 alter
687 2124 705 2202 †
725 2120 775 2184 M.
793 2118 912 2198 Manli,
940 2122 1019 2187 alter
1039 2122 1081 2187 L.
1099 2121 1205 2188 Manli
1230 2124 1314 2188 iilius

302 2227 366 2280 erat.
393 2238 467 2280 oum
484 2219 512 2280 is
530 2215 640 2280 consul
649 2214 859 2282 Brundisium
876 2215 918 2279 ad
936 2216 1110 2282 exercitum
1128 2227 1224 2302 atque
1240 2218 1316 2283 inde
1335 2234 1367 2283 10

302 2328 363 2374 eum
380 2309 528 2374 omnibus
542 2309 640 2395 copiis
659 2320 858 2374 transvectus
872 2309 914 2374 ad
926 2309 1152 2396 Nymphaeum
1169 2312 1315 2397 inApol·

300 2400 452 2469 brictium
470 2425 548 2489 agro
565 2403 673 2489 posuit
690 2414 804 2468 castra.

352 2499 391 2564 L.
419 2498 547 2563 Paucos
573 2509 647 2564 ante
674 2497 741 2563 dies
769 2497 923 2575 Perseus,
951 2509 1122 2583 postquam
1146 2498 1246 2585 legati
1272 2498 1346 2565 abl

297 2589 391 2658 Roma
403 2592 540 2679 regressi
552 2591 771 2679 praeciderant
788 2614 881 2678 spem
893 2592 991 2677 pacis,
1010 2592 1178 2658 consilium
1189 2592 1312 2658 habuit

295 2686 334 2752 ibi
358 2686 555 2772 aliquamdiu
580 2687 713 2752 diversis
739 2686 903 2753 sententiis
931 2696 1087 2751 certatum
1112 2698 1171 2752 est.
1224 2698 1347 2752 erantt

294 2783 403 2867 quibus
421 2781 474 2847 vel
491 2780 684 2867 stipendium
702 2774 950 2868 [pendendum],
968 2780 996 2846 si
1013 2781 1243 2867 iniungeretur,
1261 2781 1313 2847 vel

292 2876 357 2962 egri
381 2886 473 2962 parte
499 2875 691 2953 cedendum,
717 2876 746 2940 si
777 2875 963 2952 multarent,
994 2875 1149 2960 quidquid
1176 2876 1314 2961 denique

290 2971 374 3036 aliud
394 2970 483 3056 pacis
505 2992 603 3036 causa
623 2969 811 3055 patiendum
828 2980 928 3046 esset,
954 2991 1019 3034 non
1035 2971 1249 3035 recusandum
1266 2970 1314 3034 vi·

289 3065 429 3143 deretur,
451 3088 511 3130 nec
533 3064 811 3141 committendum,
836 3063 929 3128 utin
951 3063 1054 3129 aleam
1071 3064 1151 3129 tanti
1169 3086 1261 3130 casus
1280 3087 1314 3129 se

287 3181 485 3247 regnumque
509 3160 613 3225 darete
639 3158 668 3223 si
688 3159 846 3245 possessio
863 3157 942 3223 haut
963 3158 1115 3244 ambigua
1136 3158 1228 3243 regni
1245 3180 1313 3222 ma·
1331 3174 1347 3221 s

286 3267 383 3333 neret,
401 3255 505 3319 multa
522 3253 608 3320 diem
629 3266 820 3339 tempusque
838 3253 965 3319 adsone
981 3275 1090 3339 posse,
1113 3252 1230 3337 quibus
1248 3274 1313 3318 non

285 3350 401 3415 amissa
418 3348 514 3413 modo
531 3346 724 3433 reciperare,
747 3347 805 3413 sed
821 3347 981 3413 timendus
999 3347 1083 3411 ultro
1099 3348 1127 3412 is
1145 3369 1215 3413 esse
1232 3369 1313 3432 quos

285 3466 369 3510 nunc
386 3444 513 3509 timeret
529 3452 648 3529 posset.
670 3453 812 3508 ceterum
824 3442 925 3510 multo
939 3440 1040 3506 maior
1056 3464 1131 3528 pars
1149 3441 1311 3508 ferocioris
1329 3459 1346 3506 4

285 3538 460 3606 sententiae
478 3548 556 3603 erat.
600 3536 756 3622 quidquid
774 3537 931 3615 cessisset,
951 3558 1024 3603 oum
1042 3557 1080 3602 eo
1099 3536 1194 3601 simul
1210 3559 1310 3623 regno

285 3633 428 3719 protinus
446 3631 625 3697 cedendum
642 3653 712 3697 esse
730 3631 957 3698 adfirmabant:
974 3653 1081 3716 neque
1098 3631 1184 3697 enim
1192 3629 1312 3697 Roma·
1329 3646 1344 3693 5

285 3750 339 3794 uos
362 3726 502 3813 pecunia
523 3738 580 3791 aut
601 3748 679 3813 agro
703 3749 813 3814 egere,
841 3727 898 3792 sed
915 3726 977 3792 hoc
994 3726 1089 3803 scire,
1113 3748 1188 3792 oum
1205 3728 1312 3792 omnia

285 3821 439 3899 humana,
466 3833 536 3887 tum
556 3821 695 3886 maxima
713 3843 862 3906 quaeque
880 3833 913 3888 et
934 3844 1034 3908 regna
1051 3835 1083 3888 et
1099 3821 1233 3908 imperia
1250 3822 1311 3887 sub

285 3917 412 3983 casibus
430 3916 538 3981 multis
557 3938 640 3994 esse3
660 3913 976 4003 Carthaginiensium
994 3938 1070 4002 opes
1088 3916 1223 4002 fregisse
1241 3938 1310 3982 sese
1329 3927 1344 3974 6

285 4025 312 4077 et
331 4009 512 4077 cervicibus
525 4032 636 4075 eorum
652 4021 894 4097 praepotentem
909 4010 1080 4076 finitimum
1093 4032 1203 4095 regem
1219 4009 1311 4093 inpo-

285 4107 399 4184 suisse;
424 4104 623 4171 Antiochum
644 4105 894 4192 progeniemque
916 4106 984 4172 eius
1007 4106 1090 4171 ultra
1111 4106 1189 4189 iuga
1210 4102 1311 4166 Tauri

285 4211 441 4278 emotum3
459 4223 560 4266 unum
577 4223 647 4266 esse
655 4202 866 4268 Macedoniae
879 4225 1024 4288 regnum,
1044 4211 1075 4267 et
1088 4199 1218 4284 regione
1236 4218 1309 4282 pro-
1328 4210 1343 4256 ⁷

285 4294 416 4379 pineum
431 4306 464 4361 et
477 4295 574 4380 quod,
592 4296 695 4361 sicubi
706 4297 826 4383 populo
835 4298 981 4364 Romano
995 4318 1054 4361 sua
1070 4295 1200 4359 fortuna
1212 4292 1309 4367 labet,

1307 4437 1436 4543 Γ·
