3359 5092
347 513 411 582 110
556 526 675 584 LIBER
691 524 883 595 XXXXIIH,
901 525 965 580 M
986 523 1170 594 [amcfflt]

311 708 327 756 ι
346 695 602 769 consequeretur.
629 683 764 750 sollicito
777 683 900 750 consuli
915 694 947 752 et
963 692 1092 769 propter
1104 681 1227 748 itineris
1241 681 1354 749 difficul-

345 792 456 857 tatem,
473 780 560 864 quod
576 779 740 865 ingressus
754 789 832 856 erat,
850 790 884 844 et
901 800 1012 844 eorum
1025 777 1139 856 vicem,
1157 799 1240 863 quos
1256 799 1356 864 paucos

345 873 555 940 intermedia
579 873 739 960 praesidia
763 874 904 940 hostium
929 873 1151 982 praemiserat,
1178 871 1359 939 nuntiusad

313 992 328 1040 e
347 967 540 1034 Ascuridem
556 967 708 1053 paludem
721 968 868 1036 occurrit
896 967 1030 1034 addita
1021 967 1120 1054 igitur
1131 977 1166 1034 et
1180 968 1244 1053 ipsr
1234 966 1360 1033 fiducia

347 1073 410 1140 est,
436 1062 676 1146 coniunctisque
703 1062 804 1148 copiis
831 1072 935 1128 eastra
965 1063 1088 1130 tumulo
1115 1062 1172 1146 qui
1198 1062 1360 1138 tenebatur,

312 1182 327 1228 ι
346 1179 410 1242 qua
424 1157 624 1243 aptissimum
639 1156 682 1222 ad
698 1157 761 1223 loci
777 1166 926 1222 naturam
940 1168 1017 1234 erat,
1037 1168 1111 1222 sunt
1125 1156 1294 1222 adclinata.
1310 1177 1362 1220 non
1384 1139 1389 1210 ι

346 1251 487 1317 hostium
513 1251 609 1316 modo
637 1261 755 1328 castra,
781 1272 865 1333 quae
891 1251 988 1336 paulo
1015 1251 1087 1336 plus
1109 1250 1197 1316 mille
1225 1272 1362 1336 passuum

348 1346 495 1423 aberant,
522 1345 579 1411 sed
605 1345 708 1411 omnis
734 1345 823 1430 regio
850 1345 896 1428 ad¹
916 1343 1019 1410 Dium
1044 1356 1077 1412 et
1101 1344 1233 1410 Philam
1259 1364 1362 1427 oraque

346 1440 443 1506 maris
460 1441 524 1506 late
541 1448 669 1526 patente
683 1462 723 1505 ex
736 1449 803 1506 tam
816 1439 881 1504 alto
897 1438 975 1525 iugo
992 1450 1164 1525 prospectu
1177 1439 1277 1504 oculis
1290 1437 1361 1504 suhi·

311 1534 438 1607 scitur.
483 1555 639 1618 quaeres
661 1532 807 1599 accendit
828 1532 922 1600 militi
940 1532 1077 1609 animos,
1099 1543 1273 1619 postquam
1289 1553 1361 1598 sum·

347 1651 433 1693 mam
450 1627 527 1694 belli
540 1649 578 1693 ac
591 1628 696 1714 regias
712 1627 814 1695 omnis
829 1628 937 1714 copias
955 1638 1136 1712 terramque
1150 1627 1297 1693 hostilem
1309 1637 1361 1692 tsm

313 1746 328 1795 a
347 1746 366 1788 e
384 1722 561 1808 propinquo
580 1733 823 1809 conspexerunt.
858 1723 967 1806 itaque
985 1745 1062 1788 cunr
1078 1722 1215 1799 alacres,
1234 1721 1360 1809 protinus

347 1817 477 1882 duceret
499 1816 540 1881 ad
563 1827 666 1882 casua
693 1816 849 1894 hostium,
881 1816 1044 1882 consulem
1066 1817 1283 1894 hortarentur,
1307 1815 1360 1880 dis

297 1934 329 1983 ιο
346 1934 430 1976 unus
447 1910 540 1976 fessis
557 1910 666 1976 labore
684 1910 755 1975 viae
773 1910 815 1975 ad
837 1910 977 1995 quietem
996 1911 1090 1978 datus
1107 1921 1166 1976 est.
1202 1911 1296 1976 tertio
1312 1909 1360 1984 die,

347 2015 437 2091 parte
459 2004 624 2090 copiarum
640 2004 683 2071 ad
704 2005 900 2091 praesidium
923 2015 1098 2072 castrorum
1115 2005 1243 2083 relicta,
1267 2001 1361 2072 consul

348 2101 391 2165 ad
407 2100 531 2165 hostem
549 2098 646 2164 ducit.

314 2215 328 2262 1
410 2194 493 2258 ΗΠ.
528 2193 668 2279 Hippias
697 2215 800 2278 nuper
831 2193 873 2258 ad
904 2193 1059 2260 tuendum
1089 2193 1206 2258 saltum
1234 2194 1276 2259 ab
1299 2212 1360 2277 rega

347 2289 463 2354 missus
485 2299 568 2366 eret3
595 2287 651 2372 qui
673 2310 714 2354 ex
732 2309 796 2372 quo
818 2298 924 2354 castra
940 2288 1087 2354 Romana
1107 2288 1142 2352 in
1159 2290 1284 2354 tumulo
1301 2309 1361 2353 oon·

348 2383 466 2469 spexit,
492 2383 688 2469 praeparatis
709 2382 751 2448 ad
769 2393 929 2448 certamen
950 2382 1063 2450 animis
1082 2403 1214 2447 suorum
1238 2377 1361 2448 vementi
1380 2437 1389 2480 ἵ

348 2477 468 2564 agmini
458 2477 623 2542 consulis
641 2476 755 2542 obvius
772 2477 844 2542 fuit.
895 2487 927 2543 et
944 2475 1082 2542 Romani
1099 2477 1242 2561 expediti
1260 2476 1300 2542 ad
1314 2497 1361 2561 pu·

314 2595 330 2641 2
347 2595 446 2658 gnam
464 2571 607 2637 exierant
623 2581 656 2636 et
678 2570 786 2638 hostes
803 2571 884 2636 levis
902 2580 1065 2638 armatura
1081 2581 1158 2648 erat,
1177 2567 1362 2682 promptissi-
1386 2601 1388 2608 <

312 2687 329 2735 s
348 2690 437 2731 mum
454 2688 557 2751 genus
574 2666 617 2731 ad
638 2665 861 2732 lacessendum
879 2678 1049 2734 certamen.
1095 2667 1261 2751 congressi
1281 2665 1388 2751 igion

348 2761 538 2846 extemplot
525 2760 589 2826 tela
603 2761 819 2838 coniecerunt3
838 2762 939 2826 multa
955 2760 1115 2844 utrimque
1128 2760 1263 2826 volnera
1279 2759 1388 2825 teme·

347 2853 431 2918 ra'rio
448 2853 579 2919 incursu
596 2864 629 2918 et
646 2865 777 2940 accepta
795 2865 827 2921 e
814 2855 957 2932 tinlata3
979 2855 1075 2940 pauci
1092 2854 1262 2938 utriusque
1279 2851 1361 2941 partis

313 2947 541 3015 resciderunt.
584 2947 718 3013 inritatis
735 2948 949 3035 inposterum
969 2948 1054 3016 diem
1072 2948 1186 3014 animis
1203 2947 1362 3014 maioribus

348 3041 447 3128 copiis
479 3052 575 3127 atque
599 3041 746 3108 infestius
777 3041 984 3130 concur[sum
1010 3042 1142 3112 abeunt:
1169 3055 1298 3129 postero
1321 3040 1360 3106 die

348 3136 563 3203 decrevissent
585 3133 641 3223 de]
664 3159 788 3202 summa
809 3137 900 3214 belli,
923 3138 951 3202 si
972 3136 1036 3204 loci
1056 3137 1133 3201 satis
1150 3138 1194 3201 ad
1216 3136 1361 3223 explican-
1385 3205 1389 3232 ι

348 3232 423 3298 darn
440 3233 541 3298 aciem
557 3230 685 3309 fuisset3
705 3229 785 3318 [set]
802 3232 917 3317 iugum
929 3230 1046 3298 montis
1063 3231 1097 3295 in
1110 3243 1286 3317 angustum
1303 3229 1360 3294 dor·

349 3349 420 3391 sum
438 3338 609 3391 cuneatum
630 3324 686 3390 vix
707 3326 806 3391 ternis
824 3325 988 3390 ordinibus
1007 3335 1203 3394 armatorum
1220 3326 1256 3391 in
1273 3324 1359 3390 fronte

314 3442 329 3487 s
348 3420 460 3505 patuit.
487 3420 595 3504 itaque
608 3420 720 3505 paucis
733 3420 951 3507 pugnantibus
966 3430 1072 3488 cetera
1085 3418 1269 3499 multitudo,
1286 3437 1360 3506 prec-

349 3514 442 3599 cipue
468 3516 523 3598 qui
544 3514 691 3599 gravium
713 3537 874 3581 armorum
897 3525 1001 3593 erant,
1028 3524 1222 3600 spectatores
1249 3531 1361 3601 pugnet

224 3693 228 3702 ι
315 3629 330 3678 6
350 3607 490 3684 stabant3
514 3607 594 3673 levis
612 3619 773 3674 armatura
791 3610 888 3676 etiam
904 3633 962 3695 per
979 3608 1142 3675 anfractus
1158 3609 1229 3695 iugi
1248 3629 1361 3696 procur·
1385 3655 1389 3706 4

349 3725 419 3768 rere
442 3711 474 3766 et
496 3701 537 3766 ab
559 3702 713 3769 lateribus
736 3726 810 3768 oum
834 3704 899 3769 levi
924 3713 1086 3770 armatura
1112 3724 1296 3782 conserere,
1318 3719 1362 3787 par
1385 3711 1389 3780 ι

347 3794 458 3880 iniqua
471 3807 684 3881 atqueaeque
699 3797 770 3862 loca
787 3820 931 3884 pugnam
948 3807 1082 3883 potarat
1108 3797 1257 3883 pluribus
1271 3819 1308 3863 ea
1323 3793 1361 3858 die
1387 3813 1388 3856 ι

349 3889 520 3954 volneratis
534 3911 631 3974 quam
643 3890 817 3957 interfectis
830 3891 987 3978 proelium
1001 3901 1094 3956 nocte
1109 3890 1304 3977 diremptum
1317 3899 1361 3954 est·
1387 3919 1388 3950 ι

316 4008 331 4055 ι
413 3984 522 4050 Tertio
549 3984 601 4050 die
627 4007 722 4070 egere
747 3987 879 4052 oonsilio
901 3986 1066 4052 Romanus
1088 3985 1278 4071 imperator3
1303 4003 1362 4050 nam

348 4101 453 4164 neque
474 4102 603 4146 manere
625 4078 660 4144 in
679 4078 757 4166 iugo
778 4080 866 4167 inopi
887 4102 993 4165 neque
1014 4080 1143 4165 regredi
1164 4079 1234 4146 sine
1256 4076 1362 4168 flagitio

350 4185 446 4258 atque
464 4174 560 4241 etiam
576 4173 732 4260 periculo,
751 4175 779 4240 ai
796 4175 923 4242 cedenti
940 4198 981 4239 ex
998 4174 1215 4259 superioribus
1231 4175 1310 4240 locis
1325 4170 1362 4237 in·

315 4287 332 4335 8
351 4279 448 4336 staret
465 4269 580 4347 hostis,
602 4280 741 4355 poterat3
763 4292 824 4338 nec
842 4270 929 4335 aliud
951 4268 1092 4336 restabat
1108 4291 1207 4355 quam
1225 4267 1363 4334 sudatur
