3359 5092
299 517 364 584 202
506 528 728 587 PEMIOCHAE
745 529 950 586 LIBRORUM
966 528 1127 587 nii-LV.

300 671 359 726 eius
368 670 490 725 exercitu
499 668 582 739 cepit,
592 675 748 740 postquem
759 667 923 723 C.Plautius
932 673 1045 749 praetor
1053 667 1142 723 nihilo
1151 668 1262 725 felicius
1269 689 1322 727 rem

320 738 395 795 essit.
413 744 576 808 tantumque
586 745 720 794 terrorem
729 737 753 790 is
762 736 850 792 hostis
858 735 963 805 intulit,
972 741 1004 791 ut
1013 736 1147 800 adversus
1157 755 1223 793 euin
1232 756 1321 794 consu·

299 759 352 862 fari
365 825 435 877 opus
449 812 524 862 esset
533 812 561 862 et
571 808 640 861 duce
651 811 680 861 et
689 805 820 861 exercitu.
846 810 995 875 praeterea
1002 811 1094 860 motus
1105 804 1206 877 Syriae
1215 812 1245 863 et
1252 808 1321 863 bella

298 878 373 931 inter
383 894 466 948 reges
479 881 561 947 gesta
569 875 735 930 referuntur.
762 874 925 929 Alexander
941 873 1024 928 homo
1037 873 1152 945 ignotus
1168 882 1198 930 et
1205 876 1319 932 incertae

299 944 392 1015 stirpis
401 944 506 1013 occiso,
522 943 593 998 siout
603 950 668 999 ante
678 943 848 1012 dictumest,
863 938 1008 997 Demetrio
1016 959 1085 1013 rege
1094 943 1124 997 in
1133 942 1220 1015 Syria
1229 962 1318 1016 regna·

298 1013 356 1069 bat
382 1014 456 1068 hunc
465 1012 624 1069 Demetrius
632 1011 759 1067 Demetri
768 1008 853 1080 iilius,
869 1010 1032 1082 quiapatre
1042 1011 1186 1081 quondam
1195 1013 1232 1067 ob
1240 1013 1317 1069 incei-

298 1090 342 1137 tos
351 1082 420 1138 belli
429 1099 511 1137 casus
520 1081 584 1137 able
606 1086 669 1135 atus
679 1079 794 1136 Gnidon
802 1080 905 1148 fuerat,
915 1081 1317 1149 contemptasecordiainertia·

298 1100 1317 1290 sarisburiensem&2trituretur

298 1293 383 1359 caput
405 1288 567 1343 vulneratus
589 1287 662 1342 inter
683 1258 869 1355 cinationem,
893 1285 959 1340 dum
982 1302 1047 1341 ossa
1064 1285 1169 1341 medici
1185 1288 1315 1343 terebrare

297 1357 479 1426 contendunt,
489 1356 632 1427 expiravit,
644 1361 729 1426 atque
738 1354 868 1409 inlocum
878 1354 938 1410 eius
947 1353 1035 1410 frater
1042 1353 1314 1422 minorPtolemaeus,

298 1426 346 1496 qui
355 1425 473 1497 Cyrenis
481 1425 628 1497 regnabat,
643 1424 785 1479 successit.
811 1423 972 1479 Demetrius
982 1423 1018 1478 ob
1027 1423 1233 1492 crudelitatem,
1243 1442 1314 1495 quan

297 1496 327 1548 in
340 1511 404 1549 suos
417 1512 469 1574 per
477 1499 616 1549 tormenta
625 1492 786 1560 exercebat,
801 1492 837 1547 ab
848 1491 971 1547 Diodoto
981 1493 1111 1562 quodam,
1126 1510 1184 1547 uno
1194 1512 1227 1548 er
1237 1493 1314 1547 subie-
1351 1525 1352 1548 ι

297 1563 363 1632 ctis,
379 1580 428 1633 qui
437 1562 592 1617 Alexandri
604 1560 662 1616 filio
672 1561 777 1615 bimulo
786 1559 937 1616 admodum
945 1578 1063 1633 regnum
1072 1561 1237 1631 adserebat,
1251 1560 1313 1617 bello
1351 1581 1352 1594 ,

297 1638 445 1702 superatus
455 1630 618 1686 Seleuceam
632 1630 768 1702 confugit.
794 1630 829 1683 L.
839 1628 987 1684 Mummius
997 1623 1032 1685 dt
1041 1630 1166 1685 Achaeis
1175 1630 1312 1701 triumpha·

297 1701 345 1771 vit,
355 1700 437 1772 signa
446 1717 530 1756 aerea
538 1714 748 1770 marmoreaque
758 1698 909 1754 ettabulas
917 1698 1198 1770 pictasintriumpho
1207 1699 1277 1754 tulit

726 1778 903 1820 axeliuniii.

234 1852 237 1856 ·
348 1837 375 1891 A
415 1837 458 1891 ius
477 1835 610 1891 Claudius
630 1836 728 1891 consul
745 1835 886 1905 Salassos,
910 1841 1023 1907 gentem
1040 1835 1189 1906 Alpinam,
1214 1836 1311 1893 domuit

297 1907 370 1960 alter
404 1905 633 1976 seudophilippus
646 1905 676 1959 in
684 1904 852 1961 Macedonia
862 1922 880 1959 a
888 1904 923 1958 L.
934 1904 1087 1960 Tremellio
1102 1913 1250 1976 quaestore
1263 1923 1311 1960 cun

298 1976 421 2028 exercitu
439 1991 537 2028 caesus
556 1979 607 2027 est,
644 1974 677 2037 Q.
697 1973 836 2029 Caecilius
853 1972 985 2029 Metellus
1002 1975 1154 2043 proconsul
1172 1975 1311 2031 Celtibero

297 2042 401 2096 cecidit
415 2048 444 2096 et
453 2060 470 2096 a
479 2041 513 2106 Q.
523 2042 613 2096 Fabio
623 2042 788 2112 proconsule
797 2059 903 2113 magna
911 2059 976 2112 pars
985 2042 1151 2098 Lusitaniae
1162 2062 1195 2099 ex
1216 2042 1310 2116 ugnsu's

299 2111 406 2234 aliqpqt
418 2110 535 2165 urbibus
548 2120 664 2181 recepta
676 2117 727 2167 est.
753 2111 863 2166 Acilius
877 2115 989 2166 senator
1002 2110 1113 2167 Graece
1126 2130 1172 2167 res
1185 2062 1310 2167 ulomaiu

298 2196 352 2233 sori
373 2197 404 2233 i.

721 2250 905 2291 axsinniiu.

350 2315 384 2380 Q.
401 2315 552 2388 Pompeius
575 2316 672 2372 consul
694 2315 724 2370 in
740 2315 881 2389 Hispania
899 2316 1090 2372 Termestinos
1108 2318 1230 2391 subegit.
1262 2334 1309 2374 cun

221 2405 223 2412 ⁴
297 2384 387 2440 isdem
397 2391 425 2440 et
434 2385 612 2441 Numantinis
621 2402 721 2456 pacem
732 2385 768 2439 ab
777 2384 939 2440 infirmitate
948 2385 1025 2440 fecit.
1051 2384 1308 2443 lustrumacensori·

297 2454 350 2508 bus
363 2454 506 2509 conditum
520 2461 574 2509 est:
594 2472 677 2509 censa
686 2458 751 2507 sunt
760 2454 862 2509 ciuium
871 2454 965 2525 capita
974 2459 1103 2510 trecenta
1110 2455 1213 2528 viginti
1221 2461 1308 2525 septen

282 2523 388 2594 ¹milia,
408 2523 527 2594 qnadrin
549 2528 615 2578 enta
653 2522 822 2594 uadraginta
845 2523 922 2603 duo..
954 2540 1017 2577 eum
1034 2523 1222 2579 Macedonum
1238 2520 1308 2595 legati

297 2597 426 2661 questum
435 2592 469 2647 de
479 2593 515 2646 D.
527 2542 605 2646 lunio
616 2540 712 2647 Silano
720 2599 850 2662 praetore
860 2597 1009 2661 vemssent,
1024 2592 1099 2664 quod
1109 2594 1233 2663 acceptis
1241 2606 1307 2663 pecu·

297 2661 351 2715 niis
373 2661 545 2731 provinciam
563 2661 723 2731 spoliasset,
747 2664 776 2714 et
794 2666 909 2715 senatus
927 2660 961 2716 de
980 2660 1112 2731 querellis
1130 2680 1226 2717 eorum
1241 2659 1308 2716 vellet

296 2745 486 2809 cognoscere,
496 2728 531 2782 T.
539 2728 662 2809 Manlius
672 2729 840 2799 Torquatus,
855 2734 937 2800 patei
946 2727 1048 2810 Silani,
1064 2727 1307 2811 petiitimpetrarit

297 2797 1307 2947 retribuitiustituttttffettttttttt‚effluit

297 2936 384 2989 vitam
396 2933 518 3002 finisset,
531 2933 658 2988 interfuit
671 2935 825 3005 sedensque
841 2934 916 2989 domi
924 2940 1094 3005 potestatem
1103 2935 1306 2992 consultantibus

299 3020 333 3058 ex
345 3003 472 3059 instituto
485 3000 562 3058 fecit.
590 3000 623 3067 Q.
633 3002 740 3058 Fabius
753 3004 902 3075 proconsul
914 3003 999 3059 rebus
1008 3004 1038 3059 in
1046 3004 1306 3077 Hispaniaprospuo

298 3073 385 3198 pestis
398 3071 493 3128 labem
501 3070 634 3153 imposuit
640 3089 712 3141 pace
722 3089 785 3153 oum
793 3071 904 3153 Viriato
913 3072 1010 3154 aequis
1019 3073 1231 3154 qondicionibus
1239 3074 1305 3129 fico

326 3148 423 3197 iriatus
437 3160 455 3196 a
463 3139 651 3212 proditoribus
665 3141 781 3195 consilio
791 3139 892 3197 Servili
902 3141 1051 3213 Caepioms
1063 3143 1230 3199 interiectus
1242 3145 1279 3197 est
1288 3141 1307 3192 ct

299 3211 335 3265 ab
350 3211 473 3267 exercitu
487 3226 536 3265 suo
545 3208 662 3263 multum
672 3209 860 3280 comploratus
870 3227 904 3264 ac
912 3210 1045 3265 nobiliter
1053 3211 1196 3283 sepultus,
1210 3212 1250 3266 vir
1257 3209 1306 3286 dui·
1348 3253 1352 3282 ς

299 3297 352 3349 que
370 3297 491 3351 maguus
510 3284 538 3333 et
555 3296 606 3348 per
624 3277 847 3347 quattuordecim
869 3296 969 3334 annos.
993 3279 1179 3352 quibuscum
1195 3281 1306 3336 Romam
1349 3303 1352 3352 ξ

298 3348 404 3403 bellum
413 3348 509 3419 gessit,
520 3347 693 3417 frequentius
703 3347 838 3417 superior.

732 3429 750 3467 is
781 3427 894 3468 manv.
1049 3451 1051 3454 -

350 3483 383 3561 ξ).
402 3482 530 3538 Cornelio
549 3483 668 3553 Nasica,
690 3483 737 3539 cui
753 3428 910 3557 {cgnomen
927 3482 1044 3555 Serapio
1061 3484 1117 3539 fnit
1134 3485 1172 3541 ab
1190 3484 1307 3542 inridens

300 3552 424 3606 Curiatio
447 3551 558 3606 tribuno
580 3553 671 3623 plebis
688 3552 852 3623 inpositum,
870 3552 941 3611 Dec.
959 3553 1041 3607 Iunio
1058 3552 1150 3609 Bruto
1168 3552 1307 3626 consulibiu

299 3620 433 3675 dilectum
442 3620 624 3690 habentibus,
639 3622 669 3675 in
678 3628 830 3691 conspectu
838 3622 960 3676 tironum
967 3639 1013 3678 res
1022 3623 1202 3678 saluberrimi
1211 3616 1307 3692 exempl

299 3689 378 3743 sacta
386 3694 443 3758 est3
456 3707 521 3744 nam
532 3688 562 3744 C.
572 3690 712 3745 Matienus
722 3696 868 3745 accusatus
878 3696 921 3746 est
930 3695 999 3761 aput
1006 3690 1134 3746 tribunos
1164 3693 1244 3761 lebis,
1253 3684 1308 3762 quod

299 3756 450 3838 erereitum
472 3758 502 3812 in
520 3758 660 3829 Hispania
684 3758 865 3829 deseruisset,
889 3760 1094 3837 damnatusque
1112 3710 1167 3816 sul
1185 3761 1261 3817 furca
1275 3756 1309 3812 diu

299 3844 386 3897 virgis
395 3842 493 3881 caesus
503 3833 553 3895 est,
569 3834 597 3883 et
607 3828 733 3883 sestertio
742 3844 854 3882 nummo
864 3828 959 3883 veniit.
981 3828 1190 3899 tribuniplebis
1200 3830 1309 3902 quiaiii

300 3896 540 4020 iplipetirnarcqnaup
549 3896 602 4017 silai
613 3896 698 4019 {iem
708 3896 890 4020 q⁰⁰⁸tlelll⁶¹¹l
898 3896 1033 4020 m1113irthpus
1011 3897 1143 4022 exiineppl
1142 3898 1247 4023 lieeffii‘
1260 3911 1308 3973 son·
1350 3927 1352 3934 ·

300 3983 374 4019 ss
461 3983 705 4019 rrmuiuss
791 4007 797 4021 .
888 3983 920 4020 us
1059 3983 1076 4021 o

300 3983 359 4103 eis?
374 4033 423 4103 qui
440 4034 492 4090 sub
505 4033 614 4089 Viriato
632 3983 937 4107 militaeildilantuiugros
956 4040 985 4090 et
998 3984 1134 4106 oppitulim
1148 3977 1309 4105 illiditplffi
1348 4081 1353 4095 .

300 4108 429 4158 vocatum
451 4108 496 4158 est
512 4101 655 4159 Valentia.
690 4103 729 4157 M
747 4102 874 4173 Popilius
892 4121 910 4158 a
926 4102 1119 4174 Numantinis,
1142 4123 1207 4161 cum
1228 4120 1270 4176 qui
1286 4113 1308 4153 ut
1349 4096 1352 4154 ἶ

300 4189 399 4292 pacem
413 4171 519 4227 factam
532 4171 645 4226 inritam
658 4169 719 4226 fieri
733 4176 847 4232 senatus
861 4177 1020 4238 censuerat,
1036 4190 1100 4228 cum
1114 4174 1237 4230 exercitu
1248 4171 1308 4227 futu·
1350 4171 1352 4226 ἰ

315 4246 470 4309 ugatusque
485 4246 536 4296 est.
563 4239 594 4295 C.
608 4239 730 4294 Hostilio
744 4240 875 4296 Mancino
889 4240 1002 4296 consule
1016 4242 1195 4300 sacrificante
1211 4238 1274 4314 pulli
1284 4249 1308 4292 εἰ
1350 4239 1353 4300 ζ

302 4323 388 4363 cavea
402 4309 595 4381 evolaverunt3
613 4308 811 4364 conscendenti
824 4308 925 4366 deinde
939 4326 1053 4382 navem,
1071 4311 1147 4367 utin
1161 4307 1307 4383 Hispanus
