3359 5092
522 536 1090 609 mraxxxxr,11.1a[a.c.1u]
1278 527 1317 594 11

285 696 409 765 Histris
440 694 631 781 praebebat,
666 697 839 761 multorum
870 696 993 760 dierum
1025 716 1121 780 opere
1151 709 1320 784 exceptum

285 814 372 860 novo
390 790 487 857 alveo
505 790 628 856 avertit.
665 812 704 855 ea
719 813 771 856 res
793 791 946 856 barbaros
964 791 1117 857 miraculo
1136 795 1247 858 terrult
1263 794 1355 863 abe

288 887 389 953 scisse
408 906 530 969 aquae;
552 897 585 951 et
600 907 641 950 ne
664 896 733 949 turn
751 884 881 969 quidem
898 908 1055 952 memores
1072 886 1176 971 pacis,
1198 888 1232 952 in
1249 910 1321 953 cae·

288 980 361 1047 dem
382 979 562 1065 coniugum
582 1001 620 1044 ac
646 979 818 1045 liberorum
839 979 940 1057 versi,
963 980 1059 1046 etiam
1080 991 1117 1045 ut
1139 982 1321 1067 spectaculo

287 1074 435 1142 hostibus
448 1084 517 1138 tarn
531 1073 662 1138 foedum
671 1072 796 1140 facinus
806 1085 901 1151 esset,
910 1074 1018 1160 palam
1026 1074 1168 1155 infmuris
1183 1075 1321 1141 trucida·

287 1183 336 1236 tos
349 1169 619 1256 praecipitabant.
645 1169 728 1234 inter
743 1169 838 1234 simul
849 1170 1119 1256 conplorationem
1131 1169 1322 1236 feminarum
1338 1191 1354 1238 5

289 1284 539 1352 puerorumque,
553 1263 647 1328 simul
660 1262 832 1329 nefandam
848 1264 989 1340 caedem,
1004 1263 1119 1329 milites
1132 1263 1322 1350 transgressi

293 1380 418 1425 murum
437 1358 593 1444 oppidum
610 1358 777 1424 intrarunt.
822 1360 914 1424 cuius
933 1359 1018 1446 capti
1036 1360 1130 1424 simul
1148 1382 1188 1425 ex
1205 1359 1321 1445 pavido
1339 1379 1355 1428 6

296 1455 430 1520 clamore
439 1452 634 1538 fugientium
644 1449 952 1539 [nuntium]accepit
960 1475 1028 1531 rex
1038 1453 1162 1519 traiecit
1169 1452 1254 1519 ferro
1265 1475 1321 1540 pe-

299 1559 372 1625 ctus,
386 1571 430 1614 ne
440 1569 535 1612 vivus
544 1558 724 1633 caperetur
739 1548 836 1613 ceteri
850 1570 910 1634 cap
911 1548 1115 1614 tiautocoisi.
1134 1548 1197 1613 duo
1207 1547 1321 1613 demde
1340 1569 1354 1614 ι

299 1643 422 1729 oppida,
441 1642 562 1707 Mutila
575 1654 608 1708 et
619 1642 766 1720 Faveria,
786 1643 819 1708 vi
837 1655 931 1729 capta
948 1656 980 1707 et
998 1643 1111 1709 deleta.
1138 1643 1267 1728 praeda,
1285 1653 1321 1707 ut
1339 1662 1355 1710 8

299 1735 326 1802 in
340 1749 442 1823 gente
464 1736 567 1821 inopi,
594 1758 651 1822 spe
672 1736 775 1801 maior
795 1736 871 1815 fuit,
896 1749 928 1802 et
944 1738 1048 1802 omnis
1071 1736 1223 1801 militibus
1246 1758 1322 1801 con·

300 1851 381 1898 cessa
399 1841 460 1896 est.
506 1830 646 1914 quinque
669 1830 757 1895 milia
779 1831 920 1916 capitum
938 1842 1084 1897 sescenta
1104 1831 1235 1940 triginta
1257 1830 1321 1895 duc
1435 1831 1437 1836 ’

299 1925 351 1991 sub
369 1946 492 1990 corona
513 1924 690 1990 venierunt.
736 1935 882 1990 auctores
905 1925 1028 1991 belli
998 1926 1097 2011 vngis
1116 1926 1201 1991 caesi
1219 1937 1251 1990 et
1273 1947 1323 1990 se-

298 2020 359 2086 curi
382 2018 538 2106 percussi.
582 2018 707 2084 Histria
728 2030 796 2084 tota
817 2020 914 2084 trium
936 2020 1126 2106 oppidorum
1149 2020 1273 2085 excidio
1291 2029 1355 2087 ets

296 2127 394 2180 morte
416 2113 504 2200 regis
525 2125 640 2199 pacata
657 2125 704 2178 est
721 2136 894 2199 omnesque
911 2115 1053 2199 undique
1075 2115 1187 2201 populi
1204 2114 1322 2182 obsidi-

295 2207 351 2273 bus
368 2207 456 2273 datis
471 2208 507 2271 in
524 2206 680 2273 dicionem
698 2220 863 2273 venerunt

357 2300 430 2369 Sub
438 2301 574 2366 Histrici
591 2302 687 2367 finem
705 2300 781 2367 belli
796 2313 874 2388 aput
882 2302 1022 2388 Ligures
1037 2302 1171 2370 concilia
1185 2302 1322 2370 debello

296 2396 406 2462 baberi
422 2406 547 2481 coepta.

358 2489 443 2554 XII.
468 2487 520 2554 Ti.
531 2485 689 2554 Claudius
705 2490 887 2575 proconsul,
905 2490 961 2574 qui
978 2501 1106 2575 praetor
1119 2490 1223 2576 priore
1238 2508 1321 2553 anno
1341 2507 1354 2553 1

299 2584 416 2658 fuerat,
434 2603 502 2648 cum
519 2582 677 2669 praesidio
691 2583 823 2669 legionis
837 2583 932 2648 unius
945 2583 1031 2648 Pisis
1049 2593 1203 2670 praeerat
1231 2582 1322 2647 cuius
1340 2600 1356 2647 ι

299 2677 411 2744 litteris
419 2689 545 2743 senatus
555 2678 670 2743 certior
684 2678 799 2756 factus,
817 2701 872 2745 eas
885 2678 971 2764 ipsas
984 2678 1106 2744 litteras
1120 2677 1163 2743 ad
1172 2674 1211 2743 C.
1224 2672 1323 2742 Clau·

298 2772 439 2838 dium-
451 2795 528 2838 nam
545 2773 625 2837 alter
642 2773 753 2839 consul
770 2774 834 2838 iam
852 2774 886 2838 in
904 2772 1085 2840 Sardiniam
1102 2771 1269 2838 traiecerat
1280 2808 1325 2818 —

295 2866 486 2934 deferendas
510 2878 619 2933 censet
641 2879 674 2933 et
699 2867 796 2933 adicit
823 2868 1001 2947 decretum,
1028 2868 1179 2952 quoniam
1201 2867 1357 2933 Histriae

294 2960 463 3048 provincia
485 2962 631 3027 confecta
652 2972 750 3039 esset,
773 2962 801 3026 si
822 2961 853 3027 ei
874 2962 1048 3040 videretur,
1068 2961 1243 3028 exercitum
1259 2972 1324 3025 tra-

295 3056 427 3122 duceret
448 3055 484 3120 in
500 3055 651 3141 Ligures.
696 3056 790 3120 simul
813 3078 853 3121 ex
874 3055 987 3122 litteris
1009 3056 1161 3132 consulis,
1185 3076 1264 3139 quas
1283 3054 1357 3120 des

295 3150 390 3216 rebus
407 3149 443 3214 in
460 3150 584 3215 Histria
606 3149 704 3235 gestis
722 3149 905 3235 scripserat,
927 3150 961 3214 in
982 3150 1117 3214 biduum
1134 3148 1322 3233 supplicatio

299 3244 433 3312 decreta.
462 3255 496 3310 et
513 3241 587 3331 [ab]
606 3244 704 3310 altero
723 3243 913 3309 consuleTi.
924 3242 1113 3329 Sempronio
1131 3240 1324 3308 inSardinia

298 3361 447 3425 prospere
466 3361 517 3403 res
534 3348 634 3425 gesta.
662 3338 837 3404 exercitum
854 3337 888 3401 in
905 3359 1019 3423 agrurn
1034 3334 1210 3403 Sardorum
1227 3336 1324 3401 Hisn-
1341 3353 1356 3403 5

302 3433 379 3498 sium
396 3432 540 3511 induxit3
557 3433 749 3498 Balarorum
765 3453 884 3518 magna
902 3430 1022 3496 auxilia
1039 3430 1210 3497 Iliensibus
1228 3452 1325 3496 vene-

304 3538 382 3605 rant3
411 3550 488 3593 cum
510 3539 646 3611 utraque
668 3539 764 3613 gente
787 3526 887 3613 signis
909 3525 1042 3592 conlatis
1066 3525 1216 3591 conflixit
1260 3525 1325 3590 fusi

307 3621 468 3708 fugatique
489 3621 597 3689 hostes
615 3622 790 3706 castrisque
807 3620 910 3699 eruti,
932 3620 1100 3686 duodecim
1117 3620 1205 3686 milia
1222 3642 1325 3685 arma-

311 3725 404 3780 torum
421 3738 526 3781 caesa.
569 3727 696 3802 postero
719 3716 771 3782 die
794 3738 884 3781 arma
905 3716 988 3781 lecta
1005 3715 1107 3781 conici
1124 3716 1158 3780 in
1175 3737 1325 3781 acervum
1342 3729 1357 3778 6

313 3807 392 3875 iussit
407 3812 520 3877 consul
538 3833 727 3896 sacrumque
748 3811 784 3876 id
800 3811 948 3878 Vulcano
967 3810 1128 3877 cremavit.
1171 3809 1324 3877 victorem

316 3905 477 3970 exercitum
501 3906 535 3969 in
561 3904 694 3970 hiberna
719 3905 877 3971 sociarum
904 3904 1032 3970 urbium
1053 3904 1189 3971 reduxit
1233 3914 1265 3969 et
1252 3899 1356 3967 tC.r

319 3992 458 4066 Claudius
481 3999 594 4065 litteris
612 3999 663 4064 Ti
682 3997 799 4066 Claudi
823 4011 856 4066 et
877 4010 1006 4066 senatus
1029 4000 1172 4065 consulto
1194 4006 1325 4081 accept

285 4111 350 4194 ἱιιι
367 4095 491 4160 Histria
510 4093 684 4181 legiones'
674 4118 708 4159 ιιι
726 4094 866 4181 Ligures
888 4095 1075 4160 transduxit
1118 4094 1160 4158 ad
1178 4089 1270 4157 Scult
1257 4101 1326 4155 ten-
1343 4105 1359 4154 8

319 4207 379 4255 nam
394 4190 541 4257 flumen
531 4213 566 4255 m
583 4211 712 4275 campos
730 4189 892 4276 progressi
909 4201 977 4255 cast
977 4213 1013 4255 ra
964 4187 1192 4255 thabebant
1207 4185 1325 4250 hostes.

319 4278 354 4346 ibi
380 4307 451 4352 cum
477 4284 528 4351 his
554 4285 621 4353 acis
652 4284 847 4351 dimicatum.
898 4283 1081 4370 quindecim
1110 4280 1198 4346 milia
1224 4302 1326 4355 caesa,
