3359 5092
342 555 406 622 136
530 563 648 622 LIBER
664 561 854 633 XXXXIIII,
873 561 915 616 31.
929 559 972 615 32.
992 558 1186 630 [aaacccp

342 748 446 814 spere,
464 726 625 791 fortunam
644 721 741 788 totius
758 720 805 786 rei
822 718 978 806 principia
996 727 1179 783 secuturam
1198 738 1267 781 esse
1283 739 1313 780 ra

343 831 376 887 et
392 819 595 907 repentinum
612 816 785 882 valiturum
802 825 970 889 terrorem,
996 811 1151 876 instructo
1171 809 1310 876 exercitu

310 939 324 986 r
343 915 469 982 moenia
487 911 637 979 succedit.
666 909 797 995 quodsi
815 908 932 974 clausis
950 907 1050 993 portis
1067 927 1177 971 muros
1196 917 1313 992 portari

345 1030 407 1093 que
421 1008 517 1073 turris
531 1004 676 1092 dispositi
689 1003 803 1070 armati
816 1001 1043 1078 defendissent,
1061 1022 1145 1065 vano
1159 1021 1236 1065 cum
1249 999 1313 1064 inco

310 1129 326 1177 8
344 1102 511 1169 moenibus
529 1101 726 1188 pepulissent
735 1099 899 1165 Romanos
904 1122 913 1175 3
931 1118 1017 1161 nunc
1034 1106 1127 1180 porta
1145 1095 1267 1182 egressi
1282 1116 1313 1180 pr

344 1197 423 1263 lium
439 1197 510 1262 loco
528 1216 631 1279 aequo
648 1195 769 1260 maiore
794 1193 900 1257 animo
918 1190 1145 1257 commiserunt
1163 1212 1263 1275 quam
1280 1213 1312 1253 sn

311 1301 493 1364 snuerunt.
537 1289 622 1377 pulsi
649 1289 788 1354 enimet
814 1287 895 1373 fuga
917 1285 1115 1372 conglobati,
1143 1306 1221 1350 cum
1248 1285 1313 1350 dues

345 1385 482 1471 amplius
498 1385 533 1449 in
549 1383 628 1471 ipsis
649 1383 797 1448 faucibus
819 1394 930 1468 portae
953 1380 1155 1458 cecidissent,
1185 1393 1305 1445 tantum

344 1481 487 1545 tulerunt
511 1490 679 1555 terrorem,
711 1488 748 1543 ut
774 1488 914 1542 oratores
941 1476 1100 1562 extemplo
1128 1476 1171 1539 cd
1198 1487 1313 1561 praetor

344 1574 485 1638 mitteret
506 1571 645 1638 Gentius
662 1571 834 1637 Teuticum
853 1581 884 1637 et
905 1570 1048 1645 Bellum,
1076 1569 1238 1655 principes
1261 1591 1313 1655 gen

345 1689 404 1754 per
424 1688 506 1751 quos
527 1666 669 1732 indutias
690 1676 828 1751 peteret,
855 1676 891 1729 ut
909 1664 1084 1729 deliberare
1102 1663 1142 1729 de
1167 1675 1253 1728 statu
1269 1684 1313 1726 rer

297 1787 330 1836 10
347 1783 478 1826 sucrum
494 1772 613 1846 posset.
658 1760 764 1825 triduo
785 1760 819 1824 in
836 1760 899 1825 hoc
922 1761 996 1824 dato
1015 1781 1088 1823 cum
1106 1768 1213 1823 castra
1231 1758 1313 1822 Rom

346 1856 538 1942 quingentos
560 1856 662 1921 ferme
684 1878 798 1941 passus
816 1855 858 1920 ab
880 1855 960 1920 urbe
978 1855 1142 1931 abessent,
1166 1873 1312 1918 navemc

348 1950 480 2026 scendit,
498 1961 529 2015 et
543 1949 674 2015 flumine
682 1949 856 2014 Barbanna
869 1950 1000 2035 navigat
1016 1948 1049 2012 in
1066 1950 1174 2013 lacum
1184 1947 1313 2012 Labeaa

297 2063 328 2110 11
347 2044 436 2109 velut
457 2055 616 2110 secretum
641 2044 748 2109 locum
773 2055 886 2130 petens
909 2044 951 2108 ad
974 2042 1236 2120 consultandum,
1263 2040 1312 2107 sed

347 2138 511 2224 apparant,
534 2137 616 2203 falsa
637 2160 694 2224 spe
718 2138 841 2203 excitus
861 2134 1089 2203 Caravantium
1113 2138 1247 2202 fratrem
1268 2157 1313 2199 mn

347 2233 475 2298 milibus
489 2244 682 2298 armatorum
697 2233 776 2298 actis
790 2256 828 2297 ea
845 2233 986 2319 regione,
1005 2232 1150 2315 inquam
1163 2232 1279 2295 missus
1295 2251 1313 2293 e:

298 2346 329 2393 12
348 2326 529 2392 adventare.
574 2327 631 2411 qui
648 2339 819 2413 postquam
835 2327 965 2393 evanuit
983 2349 1105 2403 rumor,
1124 2328 1220 2390 tertio
1237 2335 1303 2412 post

348 2442 465 2484 navem
483 2421 616 2486 eandem
635 2421 776 2486 secundo
794 2421 880 2485 amni
896 2419 1050 2512 Scodram
1069 2419 1208 2496 demisit,
1227 2440 1313 2506 praen

349 2514 456 2598 sisque
469 2515 599 2591 nuntiis,
616 2527 654 2579 ut
667 2515 728 2579 sibi
746 2516 927 2601 appellandi
945 2514 1098 2601 praetoris
1116 2525 1260 2600 potestas
1276 2513 1313 2576 fiet

299 2630 330 2678 13
349 2609 442 2694 copia
464 2609 550 2673 facta
571 2610 605 2673 in
627 2622 731 2674 castra
752 2610 849 2674 venit.
894 2620 926 2675 et
947 2608 1139 2695 principium
1161 2606 1307 2672 orationis

350 2702 552 2767 accusatione
573 2704 725 2768 stultitiae
743 2725 834 2768 orsus
853 2725 945 2779 suae,
964 2713 1124 2787 postremo
1143 2702 1186 2766 ad
1204 2722 1309 2789 preces

350 2795 528 2878 crimusque
547 2795 678 2873 effusus,
696 2799 832 2882 genibus
849 2796 1002 2882 praetoris
1022 2797 1169 2862 accidens
1188 2797 1224 2861 in
1241 2807 1313 2881 pote

301 2911 333 2958 14
350 2899 415 2953 tem
433 2909 502 2953 sese
519 2888 615 2955 dedit.
643 2891 745 2975 primo
762 2892 884 2957 bonum
901 2891 1043 2955 animum
1060 2891 1180 2956 habere
1199 2893 1313 2965 iussus,

351 3004 464 3047 cenam
481 2982 577 3047 etiam
598 2985 751 3051 invitatus
774 2987 807 3051 in
825 2987 939 3051 urbem
957 2987 999 3051 ad
1017 3007 1089 3050 snos
1108 2985 1214 3051 rediit.
1260 2997 1313 3051 et(

302 3099 333 3146 15
350 3088 497 3162 praetore
514 3099 552 3143 eo
570 3077 622 3143 die
644 3079 816 3145 honorifice
833 3091 883 3145 est
904 3080 1067 3166 epulatus,
1086 3079 1203 3145 deinde
1227 3080 1260 3144 in
1278 3099 1313 3143 cu

350 3173 436 3237 diam
455 3169 495 3237 C.
514 3169 629 3238 Caesio
647 3174 776 3240 tribuno
792 3176 929 3239 militum
946 3174 1096 3251 traditus,
1119 3174 1174 3238 vix
1193 3174 1312 3258 gladiat

350 3279 482 3376 accepto
500 3267 611 3334 decern
633 3269 760 3334 talentis
778 3269 820 3333 ab
838 3291 915 3354 rege
932 3292 1005 3346 rex,
1023 3268 1110 3332 utin
1128 3292 1202 3334 eam
1219 3269 1313 3335 fortm

350 3361 534 3426 reccideret.

319 3476 333 3522 1
414 3453 572 3520 XXXII.
599 3457 734 3522 Anicius
758 3457 881 3525 Scodra
907 3471 1035 3544 recepta
1062 3457 1142 3522 nihil
1169 3457 1260 3544 prius
1287 3479 1313 3541 qt

351 3548 522 3631 requisitos
546 3549 712 3616 Petillium
736 3551 1000 3638 Perpemamque
1027 3553 1151 3638 legatos
1179 3554 1223 3617 ad
1251 3574 1313 3617 se·

319 3669 335 3716 ρ
353 3642 455 3707 iussit.
485 3643 602 3726 quibus
619 3645 787 3730 splendore
805 3668 864 3710 suo
882 3647 1027 3712 restituto
1043 3645 1248 3731 Perpernam
1266 3656 1313 3712 ext

353 3737 407 3822 plo
424 3735 520 3801 mittit
533 3738 576 3802 ad
593 3739 897 3827 conprehendendos
913 3741 1031 3806 amicos
1046 3753 1269 3826 cognatosque
1286 3763 1313 3805 rc

319 3857 336 3903 c
353 3832 411 3917 qui
422 3831 620 3912 Meteonem,
639 3835 834 3901 Labeatium
852 3838 956 3923 gentis
973 3837 1097 3914 urbem,
1116 3835 1313 3924 profectus}

354 3949 429 3992 ram
445 3948 579 3994 uxorem
596 3951 672 3994 cum
687 3931 760 3996 filiis
779 3933 915 4010 dnobus,
935 3931 1141 3999 Scerdilaedo
1155 3931 1313 3999 Pleurato

319 4034 385 4092 set
395 4019 625 4088 Caravantium
642 4024 772 4091 fratrem
782 4023 938 4092 Scodram
955 4026 989 4090 in
1007 4041 1111 4091 castra
1130 4025 1277 4091 adduxit.
1304 4063 1313 4089 a

355 4117 423 4182 cius
450 4117 534 4182 bello
556 4118 684 4204 Illyrico
705 4119 789 4184 intra
815 4120 945 4206 triginta
972 4120 1039 4186 dies
1066 4120 1211 4205 perfeeto
1240 4131 1313 4185 nunt

355 4211 506 4278 victoriae
527 4211 724 4300 Perpernam
746 4215 884 4281 Romam
900 4215 1000 4292 misit,
1027 4226 1058 4281 et
1080 4226 1154 4301 post
1174 4215 1244 4281 dies
1268 4237 1313 4302 pa·

355 4301 513 4372 Gentium
537 4331 647 4396 regem
669 4311 776 4396 ipsum
797 4331 871 4376 cum
897 4323 1028 4395 parente
1053 4310 1191 4396 coniuge
1215 4332 1256 4375 ac
1279 4309 1313 4374 lil
