3359 5092
445 548 738 621 runnauxxxv,
757 551 799 606 rc.
810 549 853 605 rr.
873 553 913 618 [a
923 547 954 607 o.
965 549 1023 606 1ss.
1033 550 1097 620 rst]
1225 535 1289 605 165

265 711 395 779 leronis
411 708 532 787 Sicilia,
550 705 612 774 Cn.
626 707 724 773 Fulvi
737 707 897 794 Hispania
914 707 1050 785 citerior,
1071 705 1229 796 [ulterior]
1247 706 1287 776 C.

265 806 363 873 'nicini
381 805 520 871 Nervae.
546 804 590 869 A.
604 803 730 868 Manlio
748 803 913 887 Torquato
932 801 1081 869 Sardinia
1098 805 1287 884 obvenerat;
1305 826 1322 874 4

265 901 382 987 nequiit
398 899 445 965 ire
461 900 496 964 in
513 898 720 985 provinciam,
738 898 849 963 adres
867 898 1012 985 capitalis
1030 900 1228 983 quaerendas
1245 923 1288 966 ex

265 1008 387 1063 enatus
406 994 551 1060 consulto
568 1005 721 1059 retentus

317 1090 375 1156 De
398 1087 552 1174 prodigiis
576 1088 692 1153 deinde
714 1087 869 1153 nuntiatis
893 1098 1022 1153 senatus
1040 1099 1090 1154 est
1112 1090 1321 1158 consultans

265 1186 352 1252 tedes
370 1184 469 1249 dettm
486 1183 651 1269 penatium
673 1183 707 1247 in
724 1182 820 1252 Velia
837 1182 878 1248 de
897 1184 985 1248 caelo
1002 1194 1088 1249 tacta
1105 1195 1187 1261 erat,
1206 1195 1239 1250 et
1254 1185 1290 1250 in

265 1280 375 1368 >ppido
394 1279 556 1343 Minervio
575 1278 658 1344 dnae
674 1288 787 1363 portae
803 1288 837 1343 et
859 1278 943 1342 muri
960 1278 1169 1363 aliquantum.
1196 1280 1289 1345 Ana-

265 1375 350 1462 gniae
373 1386 460 1440 terra
481 1374 608 1460 pluerat
630 1385 662 1441 et
679 1373 808 1438 Lanuvi
830 1373 888 1437 fax
910 1374 945 1437 in
967 1376 1056 1439 caelo
1073 1375 1143 1440 visa
1167 1386 1235 1440 erat
1256 1385 1289 1442 et

265 1467 405 1536 Calatiae
422 1470 457 1533 in
474 1470 604 1556 publico
622 1491 700 1556 agro
708 1469 758 1533 M.
768 1469 918 1535 Valerius
936 1468 1014 1534 civis
1027 1470 1192 1536 Romanus
1206 1473 1289 1536 min·

265 1565 372 1640 iubat,
402 1587 441 1629 ex
460 1563 534 1629 foco
552 1586 610 1629 suo
629 1564 818 1650 sanguinem
839 1586 898 1650 per
920 1564 1061 1629 triduum
1079 1576 1111 1631 et
1133 1565 1213 1631 duas
1229 1588 1289 1631 no-

265 1671 320 1725 ctes
338 1682 499 1724 manasse.
530 1660 573 1724 ob
590 1659 625 1724 id
641 1660 780 1724 maxime
798 1657 971 1724 decemviri
988 1657 1086 1724 libros
1103 1660 1191 1727 adire
1208 1660 1288 1726 iussi
1306 1677 1320 1725 c

265 1753 522 1840 applicationem
540 1755 574 1818 in
587 1753 672 1819 diem
689 1776 790 1819 unum
808 1749 929 1839 populo
948 1754 1126 1831 edixerunt,
1145 1765 1177 1822 et
1194 1756 1289 1840 quin·

265 1849 412 1935 1uaginta
438 1849 541 1935 capris
567 1849 601 1913 in
627 1848 697 1913 foro
725 1849 952 1914 sacrificarunt
997 1859 1028 1914 et
1055 1850 1190 1915 aliorum
1215 1872 1290 1937 pro·

265 1942 417 2031 ligiornm
443 1965 541 2008 causa
568 1944 653 2009 diem
685 1945 820 2009 alterum
853 1943 1043 2029 supplicatio
1072 1945 1157 2010 circa
1183 1946 1290 2011 omnia

265 2038 437 2126 pulvinaria
454 2038 516 2102 fuit
528 2048 560 2103 et
577 2037 677 2103 hostis
689 2037 864 2103 maioribus
877 2037 1091 2103 sacrificatum
1104 2048 1153 2104 est
1166 2050 1199 2105 ct
1211 2040 1289 2105 urbs

265 2144 400 2199 nstrata
435 2132 514 2197 item
531 2133 618 2216 quod
636 2133 678 2197 ad
695 2133 850 2199 honorem
868 2132 965 2197 detlm
980 2133 1199 2198 inmortalium
1216 2157 1289 2221 per-
1307 2153 1322 2201 7

265 2227 370 2294 ineret
390 2228 533 2293 decrevit
550 2239 695 2304 senatus,
717 2237 754 2291 ut
770 2227 922 2311 quoniam
939 2228 1118 2313 perduelles
1137 2230 1288 2314 superati,

265 2321 396 2388 Perseus
414 2334 447 2387 et
465 2320 604 2388 Gentius
626 2343 718 2408 reges
737 2344 812 2387 cum
829 2320 1024 2386 Macedonia
1045 2331 1142 2406 atque
1159 2323 1288 2408 Hlyrico

265 2441 289 2482 n
308 2427 470 2504 potestate
492 2416 603 2503 populi
619 2416 757 2482 Romani
781 2427 900 2493 essent,
926 2426 963 2480 ut
984 2427 1104 2499 quanta
1122 2417 1206 2482 dona
1222 2417 1288 2501 Ap.
1307 2436 1323 2485 8

265 2507 406 2590 r'ilandio,
426 2510 507 2598 [Μ]
524 2509 714 2597 Sempronio
732 2510 916 2576 consulibus
935 2511 977 2575 ob
995 2509 1156 2576 devictum
1173 2511 1290 2575 Antio-

265 2605 352 2672 chum
373 2629 486 2693 regem
508 2607 585 2672 data
606 2605 772 2672 adomnia
793 2605 974 2691 pulvinaria
995 2617 1116 2683 essent,
1139 2617 1229 2671 tanta
1246 2604 1289 2687 Q

265 2698 392 2767 Gonnus
411 2715 443 2767 et
460 2701 519 2766 Μ’.
538 2701 705 2767 Iuventius
722 2711 887 2788 praetores
904 2712 1053 2767 curarent
1070 2701 1185 2767 danda.

319 2795 437 2864 XVII.
461 2796 605 2883 Legatos
623 2796 748 2874 deinde,
766 2817 905 2881 quorum
920 2795 961 2861 de
978 2796 1136 2862 sententia
1152 2797 1290 2883 impera·
1309 2816 1322 2863 1

265 2901 343 2960 uros
356 2892 399 2958 L.
409 2893 544 2970 Paulus,
562 2892 604 2957 L.
613 2892 750 2958 Anicius
768 2902 985 2977 conponerent
1001 2915 1063 2969 res,
1081 2892 1292 2958 decreverunt

265 2987 370 3056 icoom
392 2987 427 3053 in
444 2987 686 3066 Macedoniam,
710 2988 853 3072 quinque
871 2984 935 3075 [in]
953 2987 1130 3073 Illyricum.
1164 2988 1199 3052 in
1215 2987 1290 3053 Ma·
1309 3006 1324 3052 2

265 3083 425 3149 tedoniam
452 3083 635 3148 consulares
666 3092 816 3166 quattuor
836 3082 1006 3159 nominati,
1034 3082 1078 3146 A.
1103 3082 1290 3147 Postumius

265 3174 397 3255 Luscus,
416 3175 456 3244 C.
469 3176 636 3256 Claudius,
656 3177 751 3242 ambo
768 3177 815 3242 illi
832 3176 978 3255 censorii,
997 3173 1070 3262 [...]
1091 3174 1130 3241 O.
1144 3175 1290 3242 Licinius

265 3267 408 3349 Grassns,
422 3273 547 3359 collega
559 3274 593 3337 in
603 3273 769 3339 consulatu
778 3271 884 3350 Pauli,
894 3283 963 3337 tum
976 3281 1148 3357 prorogato
1157 3270 1289 3356 imperio

265 3367 456 3448 provinciam
479 3366 621 3434 Galliam
642 3367 793 3433 habebat.
841 3370 870 3431 ls
893 3365 1115 3432 consularibus
1137 3365 1322 3432 addiderat

265 3455 321 3528 Gn.
328 3462 513 3528 Domitium
525 3462 790 3539 Ahenobarbum,
809 3460 880 3529 Ser.
896 3458 1082 3526 Cornelium
1096 3458 1231 3537 Sullam,
1249 3460 1290 3526 L.

265 3549 400 3636 lunium,
414 3558 455 3622 Τ.
466 3557 649 3623 Numisium
662 3557 939 3642 Tarquiniensem,
954 3555 997 3621 A.
1008 3555 1196 3621 Terentium
1208 3556 1293 3623 Var-

265 3667 383 3729 ronem,
408 3650 466 3739 [Ο.
485 3653 663 3718 Antistium
685 3648 900 3737 Labeonem}
944 3650 979 3716 in
996 3650 1163 3736 Illyricum
1185 3661 1327 3717 autema

265 3739 295 3812 hi
310 3748 477 3825 nominati,
495 3748 535 3814 P.
553 3747 667 3814 Aelius
685 3747 790 3834 Ligus
808 3746 999 3824 consularis,
1019 3743 1059 3811 O.
1078 3743 1243 3812 Cicereius
1261 3757 1294 3812 et

265 3835 321 3908 Gn.
345 3842 490 3908 Baebius
513 3842 769 3929 Tamphilus-
790 3841 843 3907 hic
870 3842 975 3927 priore
1001 3863 1101 3918 anno,
1128 3838 1293 3906 Cicereius

265 3937 367 4003 uultis
385 3947 462 4003 anto
478 3938 570 4002 annis
587 3948 715 4023 praetor
731 3937 839 4003 firerat
856 3972 916 4014 —,
932 3935 973 4001 P.
991 3934 1161 4002 Terentius
1179 3932 1294 4000 Tusci-

265 4031 403 4109 uicanus,
420 4032 462 4098 Ρ.
476 4031 641 4098 Manilius.
667 4032 780 4098 moniti
802 4030 918 4098 deinde
935 4032 1082 4097 consules
1100 4052 1121 4094 a
1137 4027 1291 4115 patribus,
1310 4044 1326 4092 t

265 4137 307 4206 ut,
335 4126 489 4212 quoniam
515 4129 649 4193 alterum
675 4150 717 4194 ex
741 4127 792 4193 his
819 4126 991 4193 succedam
1009 4125 1050 4190 L.
1067 4123 1211 4199 Licinio,
1237 4120 1294 4204 qui

265 4219 387 4310 legatus
416 4223 600 4289 nominatus
626 4234 715 4302 erat,
747 4224 784 4289 in
811 4220 954 4291 Galliam
980 4228 1155 4306 oporteret,
1189 4216 1293 4305 primo

265 4315 421 4408 [quoqne]
435 4329 580 4405 tempore
596 4320 778 4407 prosimu
790 4328 848 4387 aut
860 4326 1071 4406 conpararent
1086 4314 1171 4382 inter
1187 4336 1222 4380 se
1238 4324 1295 4378 aut
