3359 5092
405 525 450 592 20
620 535 739 596 LIBER
755 535 899 605 XXXXI,
917 535 960 589 21.
974 534 1016 588 22.
1037 535 1112 606 [aa.
1123 533 1220 606 abac]

405 716 466 760 nec
483 693 538 760 illc
554 715 615 760 nec
631 694 736 779 priore
754 713 838 758 anno
855 692 890 756 in
907 702 996 757 tanta
1013 702 1120 776 strage
1139 691 1237 756 boum
1256 691 1429 760 hominum·

372 810 469 874 sque
501 787 674 853 volturium
703 809 841 871 usquam
872 786 986 850 visum.
1038 785 1218 852 sacerdotes
1250 787 1375 874 publici
1399 811 1430 855 ea

405 882 587 971 pestilentia
612 882 729 948 monui
761 893 835 947 sunt
862 878 924 948 (ln.
949 879 1105 947 Servilius
1129 878 1254 968 Caepio
1281 883 1427 969 pontifex,

405 989 498 1064 pater
514 977 683 1064 praetoris,
707 987 739 1042 ct
756 976 807 1041 Ti.
827 973 1036 1061 Sempronius
1053 974 1105 1040 Ti.
1123 975 1207 1042 lilius
1224 976 1366 1064 Longus
1383 978 1428 1044 de·

408 1070 527 1138 cemvir
544 1093 707 1144 sacrorum
724 1082 757 1136 et
773 1070 813 1136 P.
832 1070 947 1136 Aelius
964 1070 1086 1135 Paetus
1104 1092 1209 1156 augur
1226 1082 1262 1137 et
1279 1071 1333 1138 Ti.
1349 1070 1429 1140 Sem-

405 1167 537 1253 pronius
553 1164 720 1232 Gracchus
739 1176 771 1230 et
784 1162 824 1232 (l.
834 1165 961 1231 Atellus
974 1163 1141 1230 Mamilius
1159 1164 1249 1230 curio
1275 1165 1426 1232 maximin
1468 1245 1469 1252 ἵ

372 1258 471 1347 a[et]
497 1260 547 1325 M.
576 1259 786 1345 Sempronius
812 1255 994 1324 Tuditanus
1020 1255 1218 1344 [pontifex].
1274 1260 1427 1346 pontifices
1467 1327 1470 1332 ,

407 1355 534 1421 suffecti
551 1366 626 1420 sunt
640 1350 679 1420 C.
691 1353 853 1440 Sulpicius
868 1351 977 1418 Galba
994 1350 1043 1438 [in
1060 1353 1166 1418 locum
1177 1349 1427 1442 Caepionis...]
1467 1355 1470 1365 “

405 1449 440 1514 in
465 1450 572 1514 locum
598 1448 761 1514 Tuditani.
814 1469 954 1533 augures
981 1446 1108 1511 suffecti
1133 1445 1272 1512 suntin
1300 1446 1426 1516 Gracchi
1466 1517 1470 1538 -.

405 1543 512 1608 locum
530 1542 570 1608 T.
588 1542 743 1608 Veturius
766 1539 934 1608 Gracchus
959 1538 1225 1626 Sempronianus,
1249 1540 1286 1606 in
1307 1541 1348 1607 P.
1365 1539 1428 1609 Aeli

407 1634 451 1718 Q.
473 1636 588 1702 Aelius
610 1636 742 1701 Paetus.
791 1635 952 1701 decemvir
975 1656 1138 1700 sacrorum
1161 1631 1200 1701 C.
1225 1633 1427 1724 Sempronius
1463 1639 1468 1722 J

407 1729 560 1816 Longus,
587 1730 675 1795 curio
697 1730 856 1794 maximus
880 1726 919 1794 (l.
940 1726 1126 1795 Scribonius
1150 1724 1251 1793 Curio
1272 1730 1430 1796 sufficitur.
1463 1725 1470 1784 ’ἶ

227 1879 234 1890 ,
357 1846 390 1894 10
408 1847 481 1891 cum
508 1824 707 1912 pestilentiae
733 1824 806 1888 linis
828 1845 893 1888 non
914 1822 1019 1900 fieret,
1046 1833 1176 1888 senatus
1206 1822 1367 1903 decrevit,
1391 1824 1431 1891 uti
1465 1825 1470 1835 ’

356 1940 387 1987 11
407 1918 581 1984 decemviri
606 1918 704 1982 libros
727 1916 901 2002 Sibyllinos
929 1917 1063 1982 adirent.
1108 1939 1149 1982 ex
1175 1915 1309 1984 decreto
1331 1942 1432 1986 eorum

408 2013 493 2078 diem
510 2035 610 2078 unum
629 2012 817 2097 supplicatio
836 2011 907 2090 fuit,
926 2023 959 2076 et
972 2010 1014 2093 Q.
1027 2010 1154 2077 Marcio
1167 2010 1325 2100 Philippo
1343 2013 1434 2081 verba

407 2118 581 2194 praeeunte
607 2105 745 2193 populus
771 2106 806 2171 in
830 2106 901 2172 foro
929 2119 1040 2172 votum
1069 2106 1227 2193 concepit,
1257 2110 1287 2174 si
1310 2112 1434 2176 morbus

406 2201 650 2288 pestilentiaque
684 2223 724 2266 ex
755 2223 833 2287 agro
859 2195 1006 2267 Romano
1039 2211 1145 2267 emota
1171 2212 1273 2280 esset,
1306 2204 1433 2271 biduum

357 2316 389 2365 12
407 2295 503 2361 ferias
521 2317 560 2361 ac
583 2294 846 2381 supplicationem
865 2318 899 2360 se
921 2295 1114 2359 habiturum.
1158 2295 1192 2360 in
1210 2295 1346 2363 Veienti
1364 2319 1434 2385 agro

406 2389 516 2475 biceps
541 2400 636 2454 natus
663 2412 755 2475 puer,
783 2401 816 2455 et
838 2387 1011 2456 Sinuessae
1034 2389 1219 2467 manus,
1247 2401 1282 2455 et
1307 2391 1434 2458 Auximi
1467 2431 1470 2444 ,

405 2485 514 2571 puella
531 2505 605 2549 cum
618 2483 781 2561 dentibus;
800 2494 832 2548 et
850 2505 942 2548 arcus
961 2482 1101 2548 interdiu
1113 2505 1224 2550 sereno
1238 2486 1331 2552 caelo
1346 2507 1435 2574 super
1467 2475 1470 2558 Ῐ

406 2580 519 2646 aedem
536 2579 668 2646 Saturni
693 2579 728 2644 in
753 2579 823 2643 foro
841 2577 988 2647 Romano
1010 2577 1165 2655 intentus,
1192 2589 1225 2643 et
1251 2589 1320 2646 tres
1347 2577 1432 2648 simul
1467 2579 1470 2592 '

357 2695 387 2743 ra
407 2674 489 2739 soles
508 2673 707 2750 effulserunt,
726 2684 758 2738 et
774 2673 862 2738 faces
876 2671 990 2737 eadem
1002 2683 1097 2738 nocte
1113 2673 1221 2758 plures
1239 2695 1302 2760 per
1316 2677 1432 2742 caelum

406 2768 515 2852 lapsae
529 2777 604 2830 sunt
617 2776 649 2832 et
661 2765 887 2844 inLanuvinc,
904 2763 1111 2852 Caeritesque
1120 2790 1261 2854 anguem
1276 2769 1432 2858 inoppidc

406 2882 465 2925 suc
490 2860 652 2937 iubatum,
680 2862 764 2927 ravis
786 2862 920 2927 maculis
943 2885 1105 2948 sparsum,
1132 2863 1323 2949 apparuisse
1345 2867 1433 2932 adfir-

405 2954 551 3032 mabant3
576 2966 608 3019 et
628 2954 663 3019 in
684 2977 762 3041 agro
781 2953 949 3042 Campano
974 2956 1089 3023 bovem
1105 2958 1249 3023 locutum
1269 2981 1342 3028 esse
1360 2959 1429 3026 satis

406 3048 583 3114 constabat.
1125 3067 1128 3075 '

373 3163 386 3211 1
469 3142 589 3212 XXII.
616 3142 735 3230 Legati
753 3144 846 3209 nonis
864 3144 966 3209 Iuniis
984 3167 1025 3208 ex
1043 3143 1157 3210 Africa
1178 3146 1358 3228 redienmt,
1380 3147 1426 3234 qui

405 3250 562 3304 convento
580 3238 668 3325 prius
681 3235 858 3303 Masinissa
875 3260 950 3324 rege
965 3235 1196 3325 Carthaginem
1213 3240 1321 3310 ierant
1325 3269 1336 3323 ;
1353 3256 1426 3312 cete·

404 3355 477 3398 rum
495 3332 610 3397 certius
633 3332 812 3416 aliquanto,
839 3354 923 3415 quae
941 3329 1138 3418 Carthagine
1156 3344 1228 3400 acta
1246 3350 1367 3418 essent,
1390 3337 1425 3402 eb

372 3444 388 3493 a
405 3447 482 3509 rege
499 3425 671 3491 rescierant
686 3445 783 3510 quam
798 3425 839 3490 ab
856 3425 934 3511 ipsis
944 3423 1275 3512 Carthaginiensibus.
1305 3453 1425 3520 conpa—

405 3529 475 3584 tum
492 3531 600 3584 tamen
614 3518 873 3596 adfirmaverunt,
891 3521 1015 3605 legatos
1030 3520 1072 3585 ab
1085 3543 1161 3606 rege
1170 3521 1293 3590 Perseo
1311 3525 1423 3594 verim

404 3612 508 3696 iisque
525 3623 623 3678 noctu
641 3625 788 3678 senatum
804 3614 839 3677 iu
857 3613 936 3680 aede
954 3613 1130 3700 Aesculapi
1147 3614 1260 3683 datum
1277 3642 1358 3688 esse.
1388 3617 1422 3684 ab

406 3705 604 3793 Carthagine
626 3708 750 3794 legatos
772 3708 806 3772 in
823 3708 1051 3774 Macedoniam
1072 3710 1186 3776 missos
1204 3722 1238 3778 et
1259 3736 1319 3781 rex
1341 3714 1421 3782 adtir

372 3812 547 3870 amaverat
565 3813 597 3867 et
614 3802 677 3889 ipsi
693 3822 806 3888 parum
825 3814 1008 3869 constanter
1029 3815 1235 3888 negaverant.
1270 3807 1307 3876 in
1323 3809 1421 3876 Mace·

404 3895 534 3961 doniam
554 3918 682 3980 quoque
704 3896 875 3962 mittendos
892 3897 1015 3983 legatos
1037 3911 1167 3964 senatus
1191 3903 1329 3970 censuit
1369 3915 1419 3970 ιτα
1465 3921 1470 3928 ·

403 3989 600 4067 missisunt,
627 3988 666 4056 0.
684 3989 832 4070 Laelius,
858 3991 907 4055 M.
926 3992 1075 4058 Valerius
1092 3991 1251 4073 Messala,
1278 3995 1356 4066 Sex.
1371 3993 1420 4062 lli·

403 4085 512 4171 gitius.
1455 4095 1469 4104 '

369 4199 388 4248 4
468 4179 608 4246 Perseus
630 4203 687 4267 per
708 4180 742 4245 id
764 4192 907 4267 tempus,
934 4181 1011 4266 quia
1032 4181 1163 4266 quidam
1180 4181 1349 4272 Dclcpmn
1367 4203 1419 4254 nou
1458 4217 1470 4226 -

403 4274 559 4358 parebant
577 4287 609 4341 et
627 4276 666 4342 de
685 4276 802 4361 quibus
820 4275 1043 4362 ambigebatur
1059 4277 1155 4343 rebus
1169 4277 1420 4368 disceptationem
1458 4285 1470 4326 ’ν’
