3359 5092
332 543 395 612 118
516 555 636 612 amaa
651 556 842 626 xxxxim,
863 553 973 610 11-13.
995 553 1179 624 [saetas]

333 715 420 800 quod
436 715 463 780 si
480 716 536 799 qui
552 714 771 800 inrumperent
788 713 903 778 armati
919 710 1065 790 fuissent,
1084 714 1245 798 extemplo
1258 713 1342 799 cepis·

300 820 412 879 esent.
457 808 518 874 hoo
536 808 592 874 ubi
613 809 792 894 perfectum
810 830 880 874 esse
898 830 979 894 opus
1001 806 1157 872 militibus
1178 807 1341 872 nuntiatum

332 918 390 982 est,
410 905 581 970 clamorem
598 905 720 970 alacres
738 902 859 991 gaudio
875 913 1007 989 repente
1025 903 1155 981 tollunt,
1179 901 1249 969 aliis
1269 915 1341 990 parte

333 999 394 1064 alia
410 999 445 1064 in
462 999 575 1064 urbem
592 999 777 1084 inrupturis.
1379 1021 1384 1028 ·

299 1117 311 1162 1
394 1092 477 1158 XII.
504 1092 617 1158 Hostis
644 1093 783 1178 primum
804 1092 972 1158 admiratio
995 1092 1094 1178 cepit,
1121 1093 1274 1176 quidnam
1297 1090 1342 1157 sibi
1378 1116 1380 1120 ·

298 1187 514 1274 arepentinus
533 1187 653 1252 clamor
670 1188 776 1254 vellet.
820 1197 990 1273 postquam
1012 1197 1122 1273 patere
1140 1188 1255 1254 urbem
1271 1209 1343 1254 acoe-
1375 1209 1384 1220 ·

330 1305 406 1367 pere
428 1281 583 1368 praefecti
604 1281 754 1369 praesidii
776 1282 884 1368 Phyto
907 1292 939 1347 et
954 1281 1141 1368 Philippus,
1167 1305 1228 1370 pro
1250 1280 1341 1366 ecqui

332 1387 522 1462 occupasset
547 1376 681 1463 adgredi
704 1399 785 1463 opus
808 1376 930 1442 factum
956 1399 1026 1443 esse
1051 1378 1127 1455 rati,
1156 1400 1232 1443 cum
1257 1376 1342 1443 valida

330 1493 429 1536 manu
446 1471 628 1558 Agrianum
644 1472 892 1557 Illyriorumque
915 1483 1100 1558 erumpunt,
1124 1471 1341 1557 Romanosque
1379 1471 1384 1498 ³

297 1567 388 1650 aqui
412 1565 455 1630 ali
482 1567 609 1632 aliunde
636 1567 765 1632 coibant
792 1567 1129 1651 convocabanturque,
1156 1580 1194 1634 ut
1216 1566 1341 1655 signair
1379 1590 1383 1626 ·.

330 1660 443 1726 urbem
473 1660 643 1740 inferrent,
669 1662 885 1747 inconpositos
908 1672 1003 1746 atque
1028 1662 1228 1728 inordinatos
1249 1663 1342 1749 fugent

330 1767 602 1841 persecunturque
620 1755 662 1820 ad
679 1756 813 1834 fossam,
836 1755 870 1820 in
888 1779 985 1841 quam
1003 1758 1174 1844 conpulsos
1197 1759 1287 1824 ruina
1302 1778 1343 1824 cu·

331 1849 464 1915 mulant.
509 1851 646 1916 sescenti
667 1851 768 1917 ferme
791 1851 837 1916 ibi
854 1851 1026 1929 interfecti,
1053 1873 1231 1937 omnesque
1252 1873 1344 1939 propa
1378 1895 1384 1902 -

332 1944 387 2028 qui
404 1945 486 2010 inter
503 1968 631 2011 murum
651 1945 835 2030 fossamque
854 1946 1002 2031 deprensi
1019 1959 1110 2012 erant
1116 1995 1126 2025 ,
1145 1948 1344 2014 volnerantur.
1380 1959 1384 1964 “

296 2062 313 2108 4
331 2040 376 2104 ita
393 2062 452 2105 suo
469 2040 538 2126 ipse
557 2052 673 2107 conatu
694 2043 861 2128 perculsus
883 2053 1012 2129 praetor
1028 2042 1157 2129 segnior
1174 2043 1218 2109 ad
1236 2044 1296 2109 alia
1309 2041 1346 2107 fa·

332 2145 402 2200 ctus
420 2136 553 2200 consilia
570 2147 647 2202 erat.
692 2148 725 2202 et
746 2160 787 2202 ne
805 2136 946 2201 Eumeni
964 2137 1109 2221 quidem,
1132 2138 1229 2202 simul
1241 2138 1345 2216 ammi,

332 2229 426 2296 simul
452 2253 472 2296 a
498 2242 582 2297 terra
607 2232 818 2319 adgredienti,
851 2232 1023 2318 quicquam
1049 2233 1125 2299 satis
1157 2234 1348 2320 procedebat.

297 2344 312 2392 5
330 2326 451 2412 placuit
467 2327 566 2413 igitur
587 2328 714 2412 utrique
731 2326 883 2393 custodiis
901 2328 1049 2406 firmatis,
1071 2329 1221 2414 nequod
1243 2325 1349 2416 praesi-
1378 2375 1383 2400 .

332 2420 420 2485 dium
436 2444 476 2487 ex
484 2422 678 2488 Macedonia
694 2422 862 2488 intromitti
878 2435 997 2508 posset,
1015 2423 1168 2507 quoniam
1186 2423 1236 2490 vis
1254 2433 1350 2511 apem

299 2534 313 2582 c
331 2538 397 2581 non
412 2517 633 2603 processisset,
652 2517 801 2604 operibus
819 2518 946 2584 moenia
964 2540 1161 2605 oppugnare.
1208 2519 1287 2585 haec
1302 2539 1349 2604 ps·

330 2612 475 2676 rantibus
492 2612 543 2677 his
562 2613 672 2678 decem
689 2612 771 2697 regii
792 2611 891 2678 lembi
908 2612 950 2678 ab
967 2612 1200 2679 Thessalonica
1218 2636 1290 2679 cum
1306 2612 1350 2676 de

331 2705 422 2770 lectis
446 2704 615 2772 Gallorum
639 2705 847 2772 auxiliaribus
869 2706 972 2783 missi,
1000 2728 1073 2771 cum
1095 2706 1130 2771 in
1152 2708 1223 2774 salo
1246 2717 1350 2773 stantes

332 2798 473 2864 hostium
489 2823 588 2865 naves
607 2801 856 2886 conspexissent,
874 2800 936 2887 ipsi
949 2801 1087 2866 obseura
1102 2811 1210 2879 nocte,
1229 2797 1350 2888 simplici
1377 2807 1383 2844 ὲ

333 2894 458 2972 ordine,
485 2916 583 2980 quam
599 2908 747 2982 poterant
763 2896 908 2982 proxime
930 2896 1005 2962 litus
1023 2906 1182 2975 tenentes,
1205 2897 1351 2964 intrarunt

300 3010 313 3056 t
333 2988 455 3054 urbem.
481 2989 577 3055 huius
594 2990 669 3055 novi
686 2989 837 3076 praesidii
855 2989 943 3056 fama
955 2990 1108 3056 absistere
1122 2991 1350 3079 oppugnatione

333 3084 426 3148 simul
444 3084 606 3150 Romanos
628 3108 802 3171 regemque
825 3086 940 3172 coegit.
984 3085 1190 3151 circumvecti
1214 3105 1350 3173 promun-

298 3179 451 3248 8turium
477 3173 519 3244 ad
545 3179 696 3246 Toronen
722 3181 856 3245 classem
884 3180 1084 3265 appulerunt.
1134 3202 1209 3246 eam
1237 3197 1349 3267 quoque

332 3298 519 3361 oppugnare
542 3275 660 3354 adorti,
686 3275 743 3340 ubi
765 3276 873 3340 valida
896 3274 1024 3341 defendi
1046 3298 1145 3341 manu
1164 3275 1351 3342 animadver-

332 3381 449 3445 tenmt,
464 3369 559 3434 inrito
569 3371 695 3456 incepto
704 3367 947 3436 Demetriadem
960 3380 1083 3454 petunt.
1109 3369 1244 3436 ibicum
1253 3370 1350 3456 adpro·

332 3462 525 3548 pinquantes
542 3465 664 3550 repleta
681 3463 809 3530 moenia
826 3464 955 3530 armatis
970 3463 1136 3542 vidissent,
1153 3457 1349 3551 praetervecti

334 3557 376 3621 ad
392 3558 505 3623 Iolcon
522 3559 656 3625 classem
674 3559 881 3646 appulertmt,
907 3559 982 3625 inde
1000 3581 1079 3645 agro
1100 3570 1229 3626 vastato
1245 3560 1350 3626 Deme·

335 3651 469 3717 triadem
487 3673 613 3737 quoque
632 3653 824 3740 adgressuri.

302 3767 315 3812 1
398 3745 498 3811 XIII.
525 3747 614 3813 Inter
631 3749 711 3814 haec
729 3759 762 3813 et
779 3748 901 3825 consul,
919 3771 960 3813 ne
978 3747 1086 3834 segnis
1100 3748 1230 3815 sederet
1242 3759 1348 3816 tantun

333 3842 368 3906 in
385 3864 462 3928 agro
481 3840 602 3918 hostili,
619 3840 669 3907 M.
687 3841 864 3928 Popillium
882 3865 956 3908 oum
973 3843 1116 3928 quinque
1134 3842 1267 3910 milibus
1284 3837 1349 3906 mili·

300 3957 315 4004 2
333 3948 403 4001 tum
420 3936 462 4003 ad
478 3935 676 4003 Meliboeam
693 3937 807 4003 urbem
825 3937 1076 4024 oppugnandam
1093 3935 1202 4003 mittit.
1240 3938 1298 4004 sita
1312 3941 1350 4000 est

332 4032 366 4096 in
379 4030 541 4097 radicibus
551 4028 656 4096 Ossae
669 4031 796 4107 montis,
809 4054 874 4115 qua
887 4043 978 4118 parte
991 4030 1238 4099 inThessaliam
1253 4026 1348 4116 vergil,

299 4144 315 4192 a
333 4137 511 4212 opportune
528 4125 687 4191 inminens
705 4147 802 4211 super
817 4125 1071 4192 Demetriadem.
1101 4125 1227 4211 primus
1246 4125 1349 4192 adven·

332 4232 384 4284 tus
401 4220 541 4286 hostium
558 4219 693 4306 perculit
710 4219 830 4286 incolas
846 4219 925 4298 loci;
943 4219 1085 4286 collectis
1102 4217 1221 4286 deinde
1231 4215 1349 4308 [e]nse·

334 4315 462 4399 opinato
488 4337 608 4402 pavore
637 4313 751 4380 animis
774 4313 957 4382 discununt
983 4312 1097 4380 armati
1126 4313 1167 4380 ad
1193 4327 1301 4400 portu
1318 4323 1348 4372 ιθ
