3359 5092
235 553 239 560 ·
346 537 410 607 116
538 545 1172 617 nmuuxxxmm,a10.[a.u.e.eac]

313 731 328 780 a
347 710 547 777 scenderunt.
591 706 626 772 id
646 717 772 772 tantum
789 704 941 770 dissimile
962 702 1038 781 fuit,
1060 703 1148 788 quod
1166 714 1197 770 et
1214 703 1249 768 in
1268 702 1358 769 fronte
1397 755 1399 790 ,

347 803 481 871 extremi
502 813 593 867 etex
614 800 767 866 lateribus
789 798 848 864 soli
870 820 935 864 non
960 797 1124 864 habebant
1150 821 1248 884 super
1269 798 1358 885 capita
1397 797 1400 842 l

348 899 431 965 elata
448 906 553 973 scuta,
575 918 616 960 ne
632 894 791 959 nudarent
808 914 952 978 corpora,
970 888 1028 957 sed
1044 903 1211 978 praetenta
1228 915 1358 979 pugnan-

346 992 427 1060 tium
447 1013 545 1056 more.
588 989 634 1054 ita
650 1011 711 1054 nec
731 987 818 1073 ipsos
841 987 904 1052 tela
921 1008 962 1051 ex
979 1008 1071 1051 muro
1088 987 1186 1053 missa
1210 985 1358 1052 subeuntis

346 1088 520 1162 laeserrmt,
544 1093 576 1149 et
597 1082 749 1149 testudini
770 1081 887 1147 iniecta
908 1080 1018 1145 imbris
1041 1080 1075 1145 in
1097 1082 1231 1146 modum
1252 1081 1359 1146 lubrico

296 1200 330 1250 10
347 1180 475 1267 fastigio
497 1177 628 1243 innoxia
651 1177 693 1242 ad
717 1176 818 1240 imum
844 1174 1044 1240 labebantur.
1088 1185 1121 1240 et
1147 1175 1260 1240 consul
1281 1186 1358 1260 capto

345 1276 410 1342 iam
427 1273 587 1341 Heracleo
606 1281 710 1337 casua
727 1292 765 1335 co
782 1269 958 1355 promovit,
975 1280 1140 1354 tamquam
1157 1268 1262 1335 Dium
1279 1281 1357 1352 atquc

297 1390 327 1437 11
346 1368 421 1436 inde
440 1377 598 1434 summoto
616 1387 693 1451 rege
713 1364 748 1429 in
765 1363 907 1429 Pieriam
924 1364 1021 1429 etiam
1042 1384 1282 1449 progressurus.
1315 1361 1357 1427 sed
1396 1447 1399 1456 Ι

346 1463 479 1529 hiberna
503 1461 569 1526 iam
594 1481 787 1546 praeparans
810 1458 879 1523 vias
902 1458 1131 1524 commeatibus
1160 1456 1357 1524 subvehendis

347 1580 387 1624 ex
396 1555 564 1623 Thessalia
576 1553 692 1620 muniri
705 1552 805 1631 iubet,
824 1563 857 1618 et
871 1551 945 1637 eligi
963 1551 1083 1617 horreis
1098 1562 1279 1638 opportuna
1294 1553 1357 1625 loca
1395 1623 1399 1630 ,

347 1661 494 1734 tectaque
520 1648 694 1725 aedificari,
721 1646 779 1713 ubi
804 1646 965 1713 deversari
991 1656 1155 1732 portantes
1180 1657 1357 1712 commeatu

370 1756 485 1811 essent.

314 1767 369 1908 ip
410 1839 457 1905 X.
483 1838 622 1905 Perseus
635 1835 764 1901 andem
775 1832 823 1921 [e]
838 1856 958 1920 pavore
973 1857 1012 1901 eo
1025 1856 1090 1920 quo
1104 1837 1260 1903 attonitus
1273 1838 1358 1902 fuerat

346 1945 475 2020 recepto
488 1933 593 1998 animo
603 1930 698 1995 malle
712 1929 854 2016 imperiis
867 1930 934 1995 suis
947 1952 1012 1994 non
1026 1930 1283 2016 obtemperatum
1295 1952 1359 2005 esse,

347 2050 420 2093 cum
437 2027 599 2113 trepidans
616 2048 732 2111 gazam
749 2024 783 2089 in
796 2046 884 2090 mare
898 2025 980 2090 deici
988 2025 1109 2102 Pellae,
1128 2024 1361 2091 Thessalonicae

313 2141 329 2191 2
347 2122 473 2188 navalia
489 2121 625 2186 iusserat
641 2119 777 2185 incendi.
804 2119 1011 2185 Andronicus
1020 2119 1285 2186 Thessalonicam
1300 2121 1363 2185 mis-

347 2239 402 2282 sus
419 2226 559 2281 traxerat
575 2225 710 2300 tempus,
729 2215 763 2278 id
780 2215 888 2300 ipsum
906 2214 992 2298 quod
1009 2215 1139 2291 accidit,
1162 2215 1362 2301 paenitentias

346 2310 527 2395 relinquens
544 2310 661 2374 locum.
687 2308 846 2374 incautior
862 2308 971 2374 Nicias
989 2308 1100 2375 Pellae
1117 2311 1303 2395 proiciendo
1317 2332 1364 2397 pe·
1397 2309 1399 2328 '

312 2404 459 2472 seuniae
485 2415 623 2490 partem,
656 2425 739 2487 quae
765 2402 870 2467 fuerat
896 2400 969 2488 [ad]
996 2402 1158 2482 Phacum3
1195 2405 1255 2471 sed
1283 2406 1315 2471 in
1336 2425 1364 2469 rc

347 2499 537 2565 emendabili
560 2498 647 2562 visus
669 2498 778 2584 lapsus
797 2520 882 2575 esse,
905 2498 992 2581 quod
1008 2520 1066 2584 per
1083 2498 1263 2566 urinatores
1281 2519 1364 2566 omne

312 2611 329 2661 4
346 2593 447 2660 ferme
465 2602 643 2659 extractum
660 2603 718 2657 est.
763 2602 933 2676 tantusque
950 2593 1054 2677 pudor
1071 2594 1140 2679 regi
1158 2596 1289 2679 pavoris
1306 2594 1364 2659 eius

346 2687 417 2764 fuit,
434 2700 471 2754 ut
487 2688 663 2752 urinatores
682 2687 764 2752 clam
780 2686 915 2752 interfici
932 2686 1069 2765 iusserit,
1087 2687 1203 2753 deinde
1213 2689 1366 2755 Androni·

348 2803 421 2845 cum
448 2802 575 2865 quoque
599 2791 632 2845 et
653 2779 783 2858 Nician,
809 2803 851 2847 ne
878 2780 949 2864 quis
976 2792 1042 2846 tam
1068 2782 1228 2849 dementis
1254 2779 1366 2872 imperii

314 2893 331 2941 c
350 2874 495 2939 conscius
514 2874 672 2939 existeret.
705 2875 787 2940 inter
803 2873 884 2940 hacc
903 2872 942 2940 C.
960 2874 1105 2941 Marcius
1123 2900 1197 2943 cum
1217 2880 1317 2945 classe
1333 2877 1367 2943 ab

347 2969 506 3035 Heracleo
515 2968 775 3035 Thessalonicam
783 2968 946 3055 profectus
960 2982 991 3035 et
1001 2994 1114 3057 agrum
1126 2972 1276 3058 pluribus
1289 2974 1366 3049 loeis,
1398 3055 1399 3060 ἵ

347 3063 498 3152 expositis
516 3087 574 3150 per
590 3064 683 3130 litora
701 3065 845 3142 armatis,
868 3066 932 3130 late
949 3066 1086 3132 vastavit
1104 3079 1136 3132 et
1152 3080 1366 3153 procurrentes

347 3159 388 3224 ab
410 3159 490 3225 urbe
513 3160 661 3226 secundis
684 3160 804 3244 aliquot
825 3160 954 3246 proeliis
981 3161 1122 3247 trepidos
1143 3162 1230 3229 intra
1252 3164 1365 3230 moenia

313 3269 328 3318 6
347 3254 497 3341 conpulit.
541 3255 669 3340 iamque
687 3254 748 3340 ipsi
767 3254 839 3320 urbi
857 3255 1005 3320 terribilis
1024 3267 1100 3332 erat,
1119 3279 1195 3322 cum
1213 3257 1365 3346 dispositis
1394 3273 1400 3302 ³

346 3348 448 3413 omrfis
474 3349 600 3433 generis
627 3348 791 3415 tormentis
822 3371 888 3413 non
918 3349 994 3435 vagi
1019 3350 1114 3415 modo
1142 3350 1230 3417 eirca
1259 3373 1365 3427 muros,

346 3452 465 3509 temere
482 3442 787 3527 adpropinquantes,
807 3443 864 3509 sed
882 3442 979 3508 etiam
996 3444 1051 3526 qui
1068 3443 1102 3507 in
1119 3445 1260 3512 navibus
1278 3455 1365 3520 erant,
1395 3427 1400 3460 ¹

313 3532 433 3599 csaxis
464 3545 620 3600 tormento
653 3536 864 3602 emicantibus
895 3537 1166 3622 percutiebantur.
1221 3539 1365 3607 revocatis
1396 3569 1399 3598 ι

347 3626 446 3714 igitur
462 3627 495 3691 in
519 3652 618 3694 naves
635 3630 789 3695 militibus
807 3630 990 3715 omissaque
1007 3631 1260 3701 Thessalonicae
1278 3655 1366 3721 oppu-
1392 3607 1399 3690 l

346 3722 497 3808 gnatione
510 3721 650 3788 Aeniam
667 3725 743 3790 inde
760 3737 883 3810 petunt.
918 3726 1101 3810 quindecim
1118 3728 1208 3793 milia
1225 3749 1366 3815 passuum

312 3832 328 3880 8
347 3840 385 3882 ea
401 3816 479 3881 urbs
497 3816 598 3895 abest,
617 3818 770 3885 adversus
779 3818 929 3904 Pydnam
945 3821 1061 3906 posita,
1079 3820 1176 3886 fertili
1190 3846 1281 3909 agro.
1306 3844 1367 3910 per·
1397 3857 1399 3892 i

346 3911 477 3976 vastatis
486 3911 603 3976 finibus
614 3912 681 3977 eius
691 3914 833 3999 legentes
844 3936 933 3978 oram
942 3915 1162 4001 Antigoneam
1176 3920 1365 4002 perveniunt.

345 4004 392 4068 ibi
409 4006 529 4091 egressi
546 4006 579 4070 in
597 4017 714 4072 terram
731 4008 833 4094 primo
853 4020 885 4075 et
897 4022 1064 4076 vastarunt
1082 4034 1178 4098 agros
1195 4015 1325 4100 passim,
1340 4021 1367 4076 ot

312 4114 327 4162 a
347 4099 543 4184 aliquantum
565 4101 703 4185 praedae
721 4102 924 4168 contulerunt
941 4105 983 4169 ad
1004 4129 1114 4172 naves.
1160 4108 1237 4176 dein
1254 4109 1366 4195 pdatos
1397 4105 1399 4134 ⁴

346 4214 400 4255 eos
414 4192 517 4258 adorti
530 4192 737 4273 Macedones,
756 4197 848 4263 mixti
864 4197 988 4283 pedites
1002 4199 1201 4286 equitesque,
1214 4202 1365 4290 firgientca

348 4284 448 4349 effuse
467 4286 508 4351 ad
524 4310 612 4354 mare
631 4289 790 4375 persecuti
807 4291 1001 4378 quingentos
1019 4294 1121 4362 ferme
1139 4297 1324 4365 occiderunt
1339 4305 1366 4359 ot
