3359 5092
376 541 439 613 132
563 552 682 609 LIBER
698 549 889 618 XXXXIIII,
906 549 951 604 27.
964 548 1008 603 28.
1028 547 1212 617 [auem

375 712 552 788 Thessalia,
567 710 652 776 uude
667 708 824 774 exercitus
838 705 991 783 alebatur,
1010 705 1199 791 potuissent,
1213 727 1317 791 neque
1328 730 1385 794 pm
1415 727 1418 736 .

343 833 356 878 1
374 805 481 896 gredi,
504 829 578 872 cum
595 828 636 872 ex
657 804 792 870 adverso
813 814 918 867 castra
934 800 1152 866 Macedonum
1170 797 1271 889 [....]
1289 803 1341 886 qui
1360 825 1386 868 er
1414 824 1417 830 ·

374 901 590 990 pependerant
615 921 688 985 spe,
713 896 801 962 haud
826 895 1027 963 mediocriter
1052 894 1243 960 debilitavit.
1292 897 1384 963 eaden

341 1019 357 1068 s
375 997 508 1062 ar'aritia
518 994 673 1062 Gentium
690 1015 800 1078 regem
814 991 876 1056 sibi
893 990 1052 1056 alienavit.
1079 1013 1156 1055 uam
1170 1013 1248 1056 cum
1266 1003 1384 1056 trecens
1412 1015 1418 1050 :

374 1093 492 1160 talenta
508 1090 619 1155 Pellae
642 1088 746 1152 missis
769 1111 789 1152 a
812 1085 932 1152 Gentio
955 1098 1170 1162 numerasset,
1199 1087 1326 1172 signare
1345 1107 1384 1152 eor

341 1207 356 1255 9
374 1187 544 1273 pecuniam
556 1206 681 1269 passus,
695 1181 769 1248 inde
778 1181 891 1247 decem
904 1181 1023 1246 talenta
1033 1179 1074 1245 ad
1082 1179 1384 1248 Pantauchummisit

374 1301 476 1365 eaque
493 1277 674 1365 praesentia
691 1274 760 1339 dari
777 1275 847 1361 regi
863 1274 970 1351 iussit3
988 1275 1145 1359 reliquam
1162 1275 1341 1361 pecuniam,
1356 1274 1384 1339 si-
1409 1299 1418 1335 -;

372 1387 505 1462 gnatam
513 1369 696 1458 Illyriorum
710 1369 812 1455 siguo,
826 1369 1027 1455 portantibus
1037 1369 1103 1434 suis
1116 1369 1286 1456 praecipit,
1299 1369 1384 1456 parvis
1410 1390 1414 1396 ·

324 1489 357 1538 10
373 1467 540 1534 itineribus
548 1465 710 1542 veherent,
725 1464 800 1530 dein
809 1486 883 1529 cnm
892 1463 933 1528 ad
943 1463 1039 1530 finem
1048 1463 1264 1532 Macedoniae
1274 1477 1382 1530 ventur
1409 1485 1412 1508 ⁵

373 1575 471 1638 esset,
504 1560 713 1628 subsisterent
741 1559 787 1624 ibi
813 1581 851 1626 ac
883 1559 1012 1624 nuntios
1038 1560 1080 1624 ab
1106 1583 1140 1626 se
1169 1560 1382 1646 opperirentur.
1407 1581 1414 1620 ;

324 1676 354 1725 11
375 1656 512 1723 Gentius
530 1656 648 1741 exigua
664 1666 755 1740 parte
772 1653 927 1740 pecuniae
945 1667 1087 1740 accepta,
1106 1677 1181 1720 cum
1199 1656 1331 1722 adsidue
1347 1649 1381 1741 [r]
1410 1681 1418 1714 ².

372 1751 562 1817 Pantaucho
580 1750 622 1814 ad
638 1749 840 1815 lacessendos
857 1748 964 1814 hostili
981 1749 1067 1815 facto
1077 1750 1243 1814 Romanos
1262 1749 1383 1815 stimula·
1402 1771 1413 1824 ;·

372 1856 469 1923 retur,
483 1845 533 1909 M.
542 1844 741 1930 Perpernam
756 1856 788 1908 et
797 1842 838 1908 L.
848 1843 1014 1910 Petillium
1026 1844 1162 1929 legatos,
1177 1844 1235 1928 qui
1244 1844 1380 1910 tumfon
1401 1859 1412 1902 ²2·

324 1959 356 2009 12
374 1940 416 2004 ad
434 1962 508 2006 eum
526 1949 690 2014 venerant,
707 1938 742 2002 in
760 1937 938 2004 custodiam
956 1938 1100 2004 coniecit.
1127 1938 1189 2003 boc
1205 1940 1315 2004 audito
1322 1937 1381 2004 Per·

374 2056 447 2099 seus
465 2033 661 2098 contraxisse
679 2055 753 2099 eum
770 2032 969 2098 necessitatis
984 2029 1093 2120 [satis]
1108 2043 1197 2098 ratus
1214 2033 1258 2098 ad
1273 2033 1379 2106 bellun,
1402 2053 1418 2092 ;

373 2128 484 2212 utique
502 2148 575 2192 cum
592 2127 757 2204 Romanis,
776 2127 818 2191 ad
834 2127 1051 2193 revocandum
1068 2127 1123 2211 qui
1140 2128 1312 2212 pecuniam
1327 2147 1379 2213 por·
1400 2125 1406 2150 ·’

373 2223 463 2288 tabat
471 2221 566 2300 misit,
577 2221 665 2287 velut
673 2221 752 2286 nibil
765 2222 853 2287 aliud
862 2245 972 2308 agens,
981 2244 1077 2306 quam
1085 2233 1121 2287 ut
1131 2221 1379 2306 quanumaxira
1400 2239 1406 2277 ἰ

322 2337 354 2385 13
371 2330 481 2406 posset
501 2318 621 2404 praeda
643 2341 684 2383 ex
706 2341 741 2383 se
759 2318 843 2383 victo
861 2317 1015 2384 Romanis
1038 2329 1267 2386 reservaretur.
1310 2313 1379 2384 stab

371 2411 518 2479 Eumene
527 2411 726 2498 Hierophon,
743 2410 862 2497 ignotis
878 2434 961 2496 quae
976 2412 1100 2482 occulte
1110 2423 1295 2489 actaerant,
1308 2409 1378 2478 redit
1399 2433 1404 2458 ³

372 2507 411 2574 de
436 2507 570 2594 captivis
593 2519 700 2572 actum
717 2530 787 2574 esse
805 2519 837 2572 et
859 2507 921 2593 ipsi
944 2508 1171 2593 evolgaverant
1187 2519 1221 2573 et
1239 2508 1379 2574 Eumene

371 2603 534 2667 consulem
552 2602 700 2668 vitandae
719 2602 906 2688 suspicionis
924 2625 1022 2670 causa
1039 2602 1208 2669 certiorem
1226 2603 1313 2670 lecit.
1408 2623 1418 2632 ·

340 2716 352 2764 1
435 2694 605 2761 XXVIII.
632 2696 771 2763 Perseus
793 2708 867 2783 post
888 2698 1026 2763 reditum
1049 2697 1090 2762 ab
1112 2695 1263 2764 Eumene
1285 2698 1383 2763 Hiero

371 2788 500 2875 phontis
517 2811 575 2874 spe
598 2789 738 2856 deiectus
752 2792 952 2857 Antenorem
970 2802 1002 2857 et
1020 2788 1202 2878 Callippum
1222 2791 1386 2878 praefecto

372 2881 482 2947 classis
501 2904 575 2946 cum
593 2883 805 2970 quadraginta
822 2885 936 2951 lembis
953 2921 997 2933 —-
1014 2886 1156 2952 adiectae
1176 2886 1220 2950 ad
1238 2886 1324 2952 huno
1338 2905 1387 2950 ru·

339 2997 353 3046 2
372 2997 495 3042 merum
513 2976 653 3061 quinque
670 2978 776 3064 pristis
796 2991 886 3046 erant
901 3017 946 3027 —
962 2979 1129 3046 Tenedum
1147 2980 1257 3059 mittit,
1275 2991 1313 3046 ut
1327 2977 1388 3046 iudc

373 3071 475 3158 sparsi
492 3096 549 3160 per
568 3070 727 3160 Cycladas
744 3074 867 3142 insulas
884 3098 982 3142 naves
995 3075 1225 3141 Macedoniam
1244 3099 1319 3142 cum
1334 3075 1387 3140 fru-
1411 3059 1418 3140 l

338 3186 352 3234 3
370 3179 478 3236 mento
495 3180 640 3255 petentes
661 3179 851 3236 tutarentur.
887 3168 1108 3239 Cassandreae
1127 3170 1287 3238 deductae
1304 3189 1387 3237 naver
1410 3147 1418 3206 l

370 3263 403 3327 in
426 3273 533 3348 portes
556 3263 708 3348 primum,
736 3265 792 3348 qui
814 3266 874 3330 sub
892 3265 981 3330 Atho
998 3275 1106 3330 monte
1129 3276 1219 3343 sunt,
1246 3267 1321 3333 iude
1337 3265 1389 3330 Te·
1413 3287 1418 3318 1

371 3357 489 3421 nedum
515 3357 640 3442 placido
667 3358 747 3424 mari
773 3381 847 3425 cum
872 3359 1084 3437 traiecissem,
1112 3360 1225 3425 stantis
1248 3361 1283 3428 iu
1308 3371 1418 3448 portu,

371 3448 513 3520 Rhodias
537 3464 663 3537 apertas
685 3475 783 3520 naves
802 3453 1049 3539 Eudamumque
1071 3454 1275 3540 praefectum
1291 3473 1387 3522 earum

370 3542 540 3609 inviolatos
570 3557 665 3630 atque
698 3548 793 3614 etiam
824 3549 962 3635 benigne
994 3550 1169 3636 appellatos
1201 3551 1387 3616 dimiserunt·

336 3638 498 3724 rcoguito
526 3638 639 3707 deinde
666 3642 699 3707 in
724 3644 823 3709 latere
851 3645 949 3710 altero
978 3644 1211 3731 quinquaginta
1240 3643 1386 3712 onerarias

372 3752 502 3798 suarum
520 3736 677 3802 stantibus
694 3737 727 3802 in
745 3738 826 3803 ostio
844 3751 954 3824 portus
971 3737 1126 3804 Eumenis
1148 3740 1308 3817 rostratis,
1329 3735 1387 3822 qui·

337 3845 352 3895 o
371 3827 432 3892 bus
439 3825 578 3895 Damius
591 3843 749 3916 praeerat,
763 3832 903 3898 inclusas
918 3856 998 3910 esse,
1016 3833 1252 3900 circumvectus
1266 3851 1386 3921 propere

371 3944 409 3988 ac
426 3924 591 3990 summotis
610 3934 728 3992 terrore
746 3926 887 3993 hostium
904 3928 1051 4005 navibus,
1069 3928 1231 3995 onerarias
1249 3929 1329 3995 dada
1341 3923 1385 4012 qui

370 4030 638 4102 prosequerentur
656 4020 766 4086 decem
789 4021 903 4087 lembis
920 4023 955 4087 in
971 4021 1200 4088 Macedoniam
1217 4022 1328 4100 mittit,
1351 4021 1385 4085 ia

337 4126 352 4176 c
370 4112 456 4177 utin
473 4125 577 4180 tutum
594 4115 754 4198 prosecuti
771 4117 910 4182 redirent
927 4118 1104 4183 Tenedum.
1148 4140 1235 4184 nouo
1258 4129 1330 4206 post
1345 4113 1387 4180 dic

370 4204 411 4269 ad
429 4206 562 4273 classem
580 4207 644 4272 iam
662 4208 704 4273 ad
721 4206 856 4295 Sigeum
873 4222 1009 4277 stantem
1026 4212 1199 4278 redieruut.
1241 4213 1317 4279 iude
1334 4209 1387 4278 Su·

370 4296 446 4366 bota
462 4336 504 4347 -
520 4300 625 4367 insula
643 4313 691 4368 est
706 4302 872 4371 interiecta
888 4304 1008 4372 Elaeae
1026 4316 1059 4372 et
1077 4303 1218 4372 Chio-
1236 4307 1384 4374 traiciunt·
