3359 5092
503 531 621 590 amna
637 535 793 605 xxxxv,
812 535 836 590 5.
853 535 878 589 o.
898 534 1052 606 [aomo]
1230 523 1293 592 155

285 703 338 760 eat
362 691 448 778 apud
474 714 585 757 omnes
608 690 764 759 Graeciae
787 692 930 758 civitates
952 692 1106 759 Eumenis
1128 693 1213 780 regis
1235 718 1294 781 par

285 786 457 854 Euandrum
465 784 603 872 Delphis
617 808 717 872 prope
729 798 911 873 perpetrata
923 787 1048 853 caedes.
1075 788 1183 872 itaque
1200 811 1293 874 prae-
1310 812 1326 861 a

285 892 413 965 terquam
431 881 520 963 quod
540 880 575 944 in
590 891 747 965 potestate
765 882 984 947 Romanorum
1002 904 1072 948 sese
1093 882 1293 966 insulamque

285 985 367 1040 htam
384 986 416 1039 et
434 975 589 1060 templum
607 976 778 1041 cernebant
796 998 876 1052 esse,
894 998 935 1041 ne
952 975 1098 1044 inmerito
1111 976 1240 1059 quidem
1255 999 1294 1042 ea

285 1069 330 1134 ibi
347 1069 533 1155 exprobrari
547 1069 624 1147 rati,
643 1070 834 1147 Theondan,
853 1071 910 1153 qui
927 1093 1070 1137 summus
1089 1071 1293 1157 magistratus

285 1174 346 1252 tput
363 1185 417 1229 eos
436 1176 503 1228 erat
520 1199 563 1210 —
579 1186 689 1250 regem
705 1165 767 1251 ipsi
784 1166 946 1252 appellant
957 1202 1011 1244 -·-,
1030 1166 1072 1231 ad
1084 1166 1205 1232 Persea
1220 1168 1293 1232 mit·

285 1269 354 1334 unt,
378 1258 434 1341 qui
451 1258 627 1335 nuntiaret,
652 1260 744 1345 argui
761 1261 868 1325 caedis
886 1259 1076 1325 Euandrum
1094 1258 1291 1339 Cretensem,
1311 1282 1325 1328 7

285 1374 339 1418 use
355 1361 465 1417 autern
481 1351 599 1417 iudicia
613 1365 691 1438 aput
709 1376 777 1419 sese
794 1376 883 1419 more
896 1354 1054 1419 maiorum
1067 1366 1239 1441 conparata
1254 1356 1293 1421 de

285 1446 323 1521 ts,
347 1445 404 1529 qui
425 1446 561 1512 incestas
585 1469 701 1511 manus
717 1448 861 1513 intulisse
883 1447 968 1514 intra
985 1448 1136 1514 terminos
1154 1459 1293 1514 sacratos

285 1539 377 1624 ampli
401 1538 559 1606 dicantur:
586 1541 614 1606 si
635 1540 807 1606 confideret
829 1540 983 1609 Euander
1005 1542 1169 1608 innoxium
1191 1565 1225 1608 se
1246 1542 1292 1608 rei
1310 1560 1325 1608 8

285 1634 415 1719 apitalis
434 1636 534 1721 argui,
553 1636 675 1701 veniret
692 1636 735 1702 ad
753 1658 884 1702 oausam
902 1636 1070 1703 dicendam
1075 1662 1085 1714 3
1104 1637 1132 1704 si
1149 1637 1293 1702 commit-

285 1749 334 1794 ere
352 1750 387 1793 se
405 1727 522 1793 iudicio
539 1750 604 1796 non
621 1729 766 1809 auderet,
792 1732 942 1796 liberaret
963 1731 1115 1817 religione
1139 1732 1293 1816 templum

285 1843 308 1890 to
328 1822 457 1888 sibimet
482 1822 550 1908 ipse
580 1824 768 1890 consuleret.
800 1825 942 1892 Perseus
969 1836 1117 1891 sevocato
1139 1823 1327 1892 Euandros

285 1915 422 1981 udicium
436 1917 593 1983 subeundi
605 1918 693 1983 nullo
711 1930 805 2003 pacto
819 1930 930 1984 auctor
947 1942 1032 1985 esse:
1050 1941 1110 1985 neo
1123 1941 1221 1985 causa
1234 1939 1294 1983 nec

285 2011 370 2096 gratia
391 2033 503 2097 parem
523 2011 602 2077 fore.
646 2012 776 2078 suberat
797 2025 830 2079 et
851 2013 904 2079 ille
921 2026 1041 2090 metus,
1066 2036 1107 2079 ne
1125 2014 1293 2080 danmatus

285 2116 430 2171 uictorem
454 2128 488 2171 se
504 2105 635 2171 nefandi
657 2106 807 2172 facinoris
828 2107 1036 2193 protraheret
1080 2108 1194 2192 reliqui
1215 2107 1292 2192 quid

285 2222 352 2276 use,
374 2199 438 2263 nisi
454 2211 491 2264 ut
507 2200 629 2266 fortiter
645 2202 816 2267 moriatur?
842 2201 920 2266 nihil
942 2202 1048 2287 palam
1066 2202 1207 2268 abnuere
1224 2200 1293 2266 Eu·
1312 2219 1344 2267 ιο

285 2293 382 2371 urder3
401 2294 459 2359 sed
472 2317 545 2359 oum
556 2317 680 2361 veneno
696 2318 731 2362 se
745 2296 839 2362 malle
854 2296 935 2361 mori
949 2318 1046 2379 quam
1059 2296 1143 2362 ferro
1153 2295 1293 2372 dixisset,

285 2390 392 2454 eculte
410 2389 521 2474 fugam
533 2390 677 2475 parabat
703 2391 790 2474 quod
804 2414 878 2457 oum
890 2391 1105 2456 renuntiatum
1118 2391 1187 2476 regi
1201 2401 1293 2467 esset,

285 2494 416 2548 netuens
442 2506 482 2547 ne
510 2495 674 2568 tamquam
696 2508 715 2549 a
738 2508 773 2550 se
795 2485 957 2549 subtracto
983 2506 1106 2570 poenae
1131 2506 1186 2549 reo
1212 2484 1293 2548 iram

285 2573 516 2643 Samothracum
528 2577 564 2643 in
577 2601 611 2644 se
626 2591 832 2657 converteret,
847 2579 982 2645 interfici
990 2577 1179 2644 Euandrum
1191 2578 1293 2643 iussit

285 2691 336 2754 {ua
356 2683 539 2757 perpetrata
561 2684 678 2740 temere
697 2673 794 2740 caede
819 2674 905 2738 subit
928 2674 1085 2759 extemplo
1103 2673 1244 2738 animum
1260 2673 1292 2738 in
1314 2689 1344 2737 tt

285 2784 309 2829 se
323 2765 471 2830 nimirum
483 2779 644 2853 receptam
656 2768 772 2845 labem,
790 2789 872 2852 quae
881 2767 1027 2833 Euandri
1041 2767 1167 2832 fuisset:
1186 2766 1228 2832 ab
1240 2766 1294 2831 illo

285 2855 407 2946 Delphis
424 2861 624 2926 volneratum
637 2860 815 2941 Eumenen,
835 2863 877 2928 ab
895 2885 929 2927 so
944 2860 1171 2928 Samothracae
1185 2860 1295 2925 Euan·

285 2951 364 3018 dmm
390 2954 545 3033 occisum3
570 2956 616 3020 ita
641 2957 706 3021 duo
732 2957 931 3022 sanctissima
952 2956 986 3020 in
1008 2957 1098 3022 terris
1120 2955 1239 3039 templa
1261 2976 1295 3019 se

285 3066 339 3111 uno
355 3060 485 3113 auctore
503 3049 658 3135 sanguine
675 3050 814 3115 humano
833 3051 960 3115 violata.
999 3049 1094 3114 huius
1111 3048 1158 3113 rei
1175 3048 1295 3112 crimen
1313 3066 1345 3113 12

289 3153 419 3227 corrupto
436 3142 574 3226 pecunia
587 3143 744 3208 Theonda
761 3144 885 3220 avertit,
903 3154 938 3207 ut
956 3142 1150 3208 renuntiaret
1168 3139 1295 3225 populo,

290 3227 460 3301 Euandrum
479 3235 540 3300 sibi
557 3237 663 3324 ipsum
680 3249 816 3303 mortem
834 3237 1002 3303 conscisse.

340 3329 396 3396 VI.
425 3327 579 3395 Ceterum
596 3342 685 3397 tanto
702 3331 843 3398 facinore
860 3332 895 3397 in
911 3331 1041 3395 unicum
1054 3327 1199 3393 relietum
1217 3325 1296 3392 ami·
1316 3347 1328 3393 1

296 3437 349 3486 tum
365 3423 544 3501 commisso,
560 3448 619 3512 per
635 3436 681 3491 tot
696 3448 788 3491 casus
803 3436 970 3511 expertum
984 3421 1207 3510 proditumque
1220 3419 1297 3503 quia

296 3531 342 3579 ton
359 3518 555 3603 prodiderat,
574 3520 716 3583 omnium
738 3520 779 3584 ab
797 3542 832 3585 se
850 3517 1042 3585 abalienavit
1059 3515 1191 3580 animos.
1236 3536 1293 3599 pro
1313 3533 1328 3580 a

298 3625 321 3670 tt
333 3612 460 3697 quisque
478 3613 611 3679 trarrsire
629 3613 670 3678 ad
684 3613 862 3691 Romanos3
880 3613 1042 3698 fugaeque
1059 3609 1226 3676 consilium
1243 3630 1297 3673 ca·

298 3715 351 3781 pere
368 3707 471 3772 solum
484 3728 583 3793 prope
597 3707 741 3773 relietum
754 3717 938 3793 coegerunt,
954 3703 1203 3786 Oroandemque
1218 3699 1298 3767 Cre-

298 3803 410 3880 tensem,
438 3802 491 3867 cui
512 3813 588 3868 nota
605 3802 760 3868 Threciae
778 3824 835 3866 ora
852 3812 935 3876 erat,
962 3799 1037 3883 quia
1054 3808 1246 3864 mercaturae
1264 3795 1295 3861 in

299 3907 325 3954 tt
335 3897 460 3982 regione
477 3895 606 3973 fecerat,
625 3897 779 3983 appellat,
797 3906 833 3960 ut
850 3918 885 3960 se
903 3894 1063 3959 sublatum
1078 3889 1142 3981 [in]
1155 3890 1297 3956 lembum

298 3983 454 4076 sdcotym
472 3989 651 4056 deveheret.
682 3990 885 4056 Demetrium
903 3998 951 4053 est
968 3998 1079 4074 portus
1095 3986 1130 4049 in
1145 4006 1297 4071 promun·
1315 4001 1331 4048 o

296 4082 358 4147 turio
375 4083 515 4168 quodam
525 4082 767 4161 Samothracae3
784 4083 831 4148 ibi
847 4082 972 4148 lembus
992 4081 1105 4147 stabat.
1132 4077 1192 4142 sub
1207 4096 1298 4140 oeca-

293 4192 348 4242 tum
364 4178 439 4243 solis
458 4177 644 4246 deferuntur
657 4200 739 4263 quae
757 4178 798 4243 ad
814 4200 909 4242 usum
926 4175 1104 4244 necessaria
1121 4179 1225 4246 erant;
1243 4168 1299 4233 de-

290 4268 376 4340 fertur
394 4285 426 4340 et
442 4273 595 4360 pecunia,
618 4283 738 4358 quanta
754 4274 836 4340 clam
855 4272 971 4338 deferri
987 4277 1121 4357 poterat
1155 4286 1213 4330 rex
1230 4264 1298 4349 ipse
1316 4283 1333 4329 4
