3359 5092
517 543 1052 617 LIBERXXXXI,2.3.[a.c.178]
1282 535 1303 602 3

285 704 349 770 lios
367 703 528 769 incertum
544 702 680 781 fecerat,
698 726 739 768 an
757 702 858 768 hostis
875 703 959 768 intra
976 705 1098 769 vallum
1116 716 1209 772 esset
1240 729 1305 772 una
1323 729 1337 775 t

285 821 334 864 'ox
356 796 550 862 audiebatur
572 796 614 862 ad
635 820 723 863 mare
740 798 925 863 vocantium
931 822 940 875 3
963 797 997 862 id
1019 799 1102 865 forte
1125 810 1243 867 temere
1262 801 1303 865 ab

285 914 335 958 mo
353 892 570 958 exclamatum
588 890 662 957 totis
679 890 800 977 passim
816 892 1010 978 personabat
1028 893 1149 959 castris.
1193 895 1337 979 itaquea
1457 953 1460 958 .

285 987 376 1052 trimo
394 985 484 1051 velut
499 985 579 1051 iussi
596 984 630 1049 id
647 984 753 1051 facere
768 985 865 1071 pauci
878 982 1032 1072 (armati),
1050 986 1151 1052 maior
1164 1010 1239 1073 pars
1256 988 1305 1053 in·

285 1104 392 1160 umes,
416 1080 459 1146 ad
475 1103 563 1146 mare
582 1080 768 1157 decurrunt3
792 1079 866 1146 dein
883 1082 1005 1166 plures,
1027 1093 1187 1166 postremo
1205 1105 1305 1169 prope

285 1200 402 1254 amnes,
428 1187 461 1241 et
487 1174 557 1261 ipse
579 1175 708 1253 consul,
734 1197 808 1241 cum
830 1175 950 1241 frustra
970 1198 1122 1243 revocare
1144 1178 1303 1263 fugientes

285 1283 408 1339 eonatus
426 1293 487 1336 neo
508 1271 641 1357 imperio
659 1291 719 1335 uec
737 1271 925 1337 auctoritate
942 1293 1002 1336 nec
1022 1271 1171 1357 precibus
1189 1273 1231 1338 ad
1249 1295 1305 1338 ex·

285 1389 413 1433 remum
434 1366 596 1431 valuisset.
644 1387 728 1430 unus
756 1365 910 1432 remansit
931 1366 980 1431 M.
1004 1365 1151 1431 Licinius
1175 1364 1337 1444 Strabo‚9

285 1461 423 1526 ribunus
446 1458 584 1524 militum
606 1458 717 1525 tertiae
739 1458 890 1544 legionis,
918 1481 991 1525 oum
1015 1460 1117 1524 tribus
1139 1460 1239 1547 signis
1262 1461 1304 1525 ab

285 1556 400 1642 egioue
418 1578 479 1620 sua
495 1553 634 1619 relictus.
678 1552 764 1618 huno
786 1553 821 1618 in
837 1573 942 1619 vacua
958 1565 1063 1619 castra
1078 1555 1201 1641 impetu
1218 1555 1304 1620 facto

285 1650 387 1728 distri,
407 1672 483 1715 cum
500 1648 581 1714 alius
595 1659 735 1713 armatus
748 1648 788 1713 iis
802 1670 897 1713 nemo
910 1649 1038 1714 obviam
1055 1649 1141 1725 isset,
1159 1649 1194 1713 in
1211 1671 1304 1735 prae·

286 1746 352 1810 orio
369 1745 583 1810 instruentem
605 1753 702 1826 atque
725 1741 948 1808 adhortantem
969 1766 1044 1808 suos
1067 1743 1302 1831 obpresserunt.

285 1838 431 1906 troelium
453 1834 592 1903 atrocius
616 1858 714 1922 quam
736 1858 794 1922 pro
816 1837 979 1923 paucitate
1000 1837 1215 1903 resistentium
1232 1836 1303 1913 fuit,
1324 1856 1356 1904 ιο

285 1956 331 2001 tec
348 1946 426 1999 ante
444 1932 571 1998 finitum
588 1943 637 1997 est
650 1952 748 2015 quam
762 1931 909 1997 tribunus
925 1932 1065 1997 militum
1083 1932 1202 2017 quique
1221 1932 1305 2001 circa

285 2052 346 2095 tum
364 2028 575 2097 constiterant
590 2026 750 2093 interfecti
767 2038 851 2093 sunt
895 2026 1053 2113 praetorio
1072 2026 1204 2103 deiecto,
1222 2026 1305 2091 dire·
1326 2044 1355 2091 tr

285 2124 333 2209 rtis
351 2145 439 2209 quae
456 2121 503 2186 ibi
520 2121 664 2198 fuenmt,
688 2120 730 2186 ad
747 2121 963 2205 quaestorium
980 2121 1086 2185 forum
1104 2120 1305 2205 quintanam-

285 2241 333 2302 [ue
351 2218 463 2283 hostes
481 2225 703 2302 pervenerunt
730 2216 776 2279 ibi
793 2238 867 2281 cum
881 2215 1025 2280 omnium
1038 2238 1145 2281 reruni
1159 2226 1304 2300 paratum
1323 2232 1354 2280 12

285 2313 517 2399 ¹xpositamque
540 2309 665 2396 copiam
689 2320 721 2375 et
743 2320 859 2375 stratos
881 2310 980 2376 lectos
1001 2310 1036 2374 in
1058 2310 1238 2394 quaestorio
1255 2308 1305 2372 in·

285 2406 450 2483 venissent,
477 2406 609 2491 regulus
631 2405 792 2470 accubans
815 2405 939 2491 epulari
962 2404 1077 2489 coepit
1120 2425 1197 2469 mox
1219 2404 1304 2469 idem
1324 2420 1356 2467 ra

285 2501 375 2568 aeteri
389 2523 514 2578 omnes,
533 2521 694 2565 armorum
710 2499 914 2583 hostiumque
932 2498 1035 2575 obliti,
1059 2498 1183 2564 faciunt
1200 2509 1245 2575 et,
1269 2509 1305 2563 ut

285 2595 398 2679 quibus
413 2594 556 2661 insuetus
572 2594 732 2660 liberalior
749 2595 853 2662 victus
871 2605 965 2671 esset,
984 2592 1108 2659 avidius
1126 2592 1200 2658 vino
1218 2591 1305 2657 cibo-

285 2711 344 2775 que
360 2711 492 2777 corpora
509 2701 652 2756 onerant.

338 2783 404 2850 IH.
431 2784 646 2868 Nequaquam
664 2784 777 2850 eadem
796 2795 845 2850 est
861 2796 931 2849 tum
948 2784 995 2849 rei
1012 2783 1116 2848 forma
1134 2783 1220 2868 apud
1238 2782 1305 2849 Ro-
1325 2798 1338 2844 1

285 2901 401 2957 nanos;
419 2889 516 2956 terra,
534 2879 615 2944 mari
632 2879 808 2965 trepidatur
813 2904 823 2956 ;
841 2878 961 2945 nautici
978 2878 1183 2944 tabernacula
1197 2879 1306 2946 deten·
1417 2885 1420 2890 ’

285 2974 355 3040 lunt
369 2984 650 3058 commeatumque
664 2973 697 3037 in
709 2973 801 3039 litore
815 2974 995 3059 expositum
1008 2974 1042 3038 in
1056 2995 1155 3038 naves
1168 2972 1305 3057 rapiunt,

285 3070 391 3135 uilites
408 3069 444 3133 in
461 3067 596 3154 scaphas
615 3078 647 3133 et
663 3090 751 3133 mare
769 3067 869 3133 territi
885 3078 997 3145 ruunt,
1014 3079 1132 3132 nautae
1149 3077 1247 3143 metu,
1265 3088 1305 3130 ne
1324 3080 1339 3125 2

285 3165 498 3250 compleantur
515 3162 658 3249 navigia,
681 3162 736 3227 alii
757 3162 870 3228 turbae
888 3162 1061 3239 obsistunt,
1084 3160 1138 3224 alii
1155 3160 1196 3224 ab
1213 3160 1306 3225 litore

285 3280 375 3326 naves
387 3257 716 3342 inaltumexpellunt.
742 3257 817 3323 inde
827 3268 996 3334 certamen,
1005 3276 1081 3319 mox
1091 3254 1187 3319 etiam
1196 3276 1306 3340 pugna
1324 3268 1339 3315 a

285 3374 351 3419 curn
370 3352 560 3418 vulneribus
578 3363 610 3418 et
628 3351 725 3418 caede
748 3352 782 3417 in
799 3352 902 3418 vicem
919 3350 1055 3416 militum
1073 3359 1306 3433 nautarumque

285 3447 392 3525 oritur,
416 3447 520 3512 donec
542 3447 633 3511 iussu
656 3446 794 3511 consulis
817 3445 929 3531 procul
951 3468 971 3510 a
993 3456 1078 3510 terra
1099 3444 1208 3509 classis
1230 3443 1307 3509 sub-

287 3553 366 3606 mota
383 3553 441 3608 est.
471 3562 635 3607 secernere
651 3540 727 3607 inde
744 3541 881 3607 inermes
899 3540 941 3605 ab
959 3539 1088 3604 armatis
1106 3537 1220 3623 coepit.
1252 3538 1307 3602 vix
1324 3554 1342 3601 4

288 3637 364 3704 mille
388 3637 517 3704 ducenti
536 3660 577 3703 ex
598 3648 688 3702 tanta
708 3635 927 3713 multitudine,
955 3635 1009 3720 qui
1033 3657 1121 3699 arma
1142 3633 1306 3710 haberent,

290 3732 432 3818 perpauci
455 3732 595 3815 equites,
621 3731 677 3817 qui
701 3752 800 3815 equos
827 3752 937 3796 secum
963 3730 1161 3806 eduxissent,
1187 3728 1308 3794 inventi

291 3839 369 3903 sunt3
395 3836 503 3892 cetera
524 3825 676 3892 deformis
700 3826 794 3891 turba
816 3826 905 3890 velut
925 3824 1062 3889 lixarum
1086 3824 1307 3906 calonumque,

291 3920 399 3999 praeda
415 3920 484 3987 fere
500 3920 620 3997 futura,
639 3920 666 3985 si
683 3920 758 3985 belli
775 3918 883 3984 hostes
901 3918 1127 3984 meminissent.
1159 3929 1235 3981 tunc
1253 3915 1308 3979 de·
1326 3933 1341 3979 5

292 4029 370 4079 mum
387 4014 519 4080 nuntius
537 4015 579 4079 ad
596 4014 723 4080 tertiam
739 4014 899 4100 legionem
915 4012 1129 4079 revocandam
1147 4022 1179 4076 et
1197 4008 1308 4075 Gallo·

292 4124 354 4173 rum
377 4109 589 4195 praesidium,
617 4120 649 4175 et
674 4109 769 4174 simul
796 4131 837 4174 ex
863 4108 1011 4173 omnibus
1036 4107 1115 4172 locis
1138 4106 1179 4169 ad
1206 4115 1310 4168 castra

292 4202 464 4288 recipienda
482 4202 736 4288 demendamque
754 4202 962 4290 ignominiam
976 4201 1072 4267 rediri
1090 4209 1237 4283 coeptum
1251 4213 1307 4265 est.

291 4295 401 4366 bibuni
415 4297 556 4362 militum
563 4298 674 4364 tertiae
687 4297 821 4384 legionis
835 4296 991 4383 pabulum
1004 4296 1155 4379 lignaque
1165 4293 1307 4380 proicere
1326 4312 1341 4359 c

1109 4393 1121 4446 1
1130 4399 1144 4427 0
