<?xml version="1.0" encoding="UTF-8"?>
<!DOCTYPE html PUBLIC "-//W3C//DTD XHTML 1.0 Transitional//EN"
    "http://www.w3.org/TR/xhtml1/DTD/xhtml1-transitional.dtd">
<html xmlns="http://www.w3.org/1999/xhtml" xml:lang="en" lang="en">
 <head>
  <title>
</title>
<meta http-equiv="Content-Type" content="text/html;charset=utf-8" />
  <meta name='ocr-system' content='tesseract 3.04.00' />
  <meta name='ocr-capabilities' content='ocr_page ocr_carea ocr_par ocr_line ocrx_word'/>
</head>
<body>
  <div class='ocr_page' id='page_1' title='image "./titiliviaburbec02weisgoog_0236.png"; bbox 0 0 3359 5092; ppageno 0'>
   <div class='ocr_carea' id='block_1_1' title="bbox 348 523 1141 604">
    <p class='ocr_par' dir='ltr' id='par_1_1' title="bbox 348 523 1141 604">
     <span class='ocr_line' id='line_1_1' title="bbox 348 523 1141 604; baseline -0.001 -13"><span class='ocrx_word' id='word_1_1' title='bbox 348 523 413 591; x_wconf 81' lang='grc'>162</span> <span class='ocrx_word' id='word_1_2' title='bbox 582 532 701 588; x_wconf 82' lang='lat' dir='ltr'><strong>LIBER</strong></span> <span class='ocrx_word' id='word_1_3' title='bbox 718 531 875 604; x_wconf 88' lang='lat' dir='ltr'>XXXXV,</span> <span class='ocrx_word' id='word_1_4' title='bbox 894 533 936 587; x_wconf 87' lang='grc'>13.</span> <span class='ocrx_word' id='word_1_5' title='bbox 957 535 1031 602; x_wconf 75' lang='lat' dir='ltr'>[au.</span> <span class='ocrx_word' id='word_1_6' title='bbox 1042 533 1141 604; x_wconf 66' lang='lat' dir='ltr'>etde]</span> 
     </span>
    </p>
   </div>
   <div class='ocr_carea' id='block_1_2' title="bbox 298 690 1401 4371">
    <p class='ocr_par' dir='ltr' id='par_1_2' title="bbox 314 690 1370 877">
     <span class='ocr_line' id='line_1_2' title="bbox 314 690 1370 781; baseline -0.002 -21"><span class='ocrx_word' id='word_1_7' title='bbox 314 719 332 767; x_wconf 82' lang='lat'>4</span> <span class='ocrx_word' id='word_1_8' title='bbox 349 696 426 781; x_wconf 91' lang='lat' dir='ltr'>qnid</span> <span class='ocrx_word' id='word_1_9' title='bbox 439 694 631 780; x_wconf 89' lang='lat' dir='ltr'>imperatum</span> <span class='ocrx_word' id='word_1_10' title='bbox 645 691 737 769; x_wconf 88' lang='lat' dir='ltr'>foret,</span> <span class='ocrx_word' id='word_1_11' title='bbox 748 691 932 756; x_wconf 91' lang='lat' dir='ltr'>adiuturum</span> <span class='ocrx_word' id='word_1_12' title='bbox 946 712 1057 777; x_wconf 90' lang='lat' dir='ltr'>regem</span> <span class='ocrx_word' id='word_1_13' title='bbox 1069 690 1178 756; x_wconf 86' lang='lat' dir='ltr'>fuisse.</span> <span class='ocrx_word' id='word_1_14' title='bbox 1201 690 1370 758; x_wconf 81' lang='lat' dir='ltr'><strong>Ptolemaei</strong></span> 
     </span>
     <span class='ocr_line' id='line_1_3' title="bbox 347 782 1369 877; baseline -0.003 -22"><span class='ocrx_word' id='word_1_15' title='bbox 347 789 445 877; x_wconf 85' lang='lat' dir='ltr'>legati</span> <span class='ocrx_word' id='word_1_16' title='bbox 455 786 615 855; x_wconf 92' lang='lat' dir='ltr'>communi</span> <span class='ocrx_word' id='word_1_17' title='bbox 624 786 753 851; x_wconf 91' lang='lat' dir='ltr'>nomine</span> <span class='ocrx_word' id='word_1_18' title='bbox 762 785 847 871; x_wconf 86' lang='lat' dir='ltr'>regis</span> <span class='ocrx_word' id='word_1_19' title='bbox 857 795 889 850; x_wconf 91' lang='lat' dir='ltr'>et</span> <span class='ocrx_word' id='word_1_20' title='bbox 899 782 1089 871; x_wconf 78' lang='lat' dir='ltr'>Cleopatrae</span> <span class='ocrx_word' id='word_1_21' title='bbox 1098 784 1219 870; x_wconf 89' lang='lat' dir='ltr'>gratias</span> <span class='ocrx_word' id='word_1_22' title='bbox 1228 796 1369 871; x_wconf 82' lang='lat' dir='ltr'>egerunt:</span> 
     </span>
    </p>

    <p class='ocr_par' dir='ltr' id='par_1_3' title="bbox 315 878 1401 1154">
     <span class='ocr_line' id='line_1_4' title="bbox 315 878 1401 971; baseline -0.006 -17"><span class='ocrx_word' id='word_1_23' title='bbox 315 907 331 954; x_wconf 84' lang='lat'><strong>5</strong></span> <span class='ocrx_word' id='word_1_24' title='bbox 349 886 421 971; x_wconf 92' lang='lat' dir='ltr'>plus</span> <span class='ocrx_word' id='word_1_25' title='bbox 431 906 485 950; x_wconf 90' lang='lat' dir='ltr'>eos</span> <span class='ocrx_word' id='word_1_26' title='bbox 501 882 625 948; x_wconf 88' lang='lat' dir='ltr'>senatui</span> <span class='ocrx_word' id='word_1_27' title='bbox 638 878 822 966; x_wconf 89' lang='lat' dir='ltr'>populoque</span> <span class='ocrx_word' id='word_1_28' title='bbox 831 879 979 945; x_wconf 88' lang='lat' dir='ltr'>Romano</span> <span class='ocrx_word' id='word_1_29' title='bbox 989 900 1087 963; x_wconf 87' lang='lat' dir='ltr'>quam</span> <span class='ocrx_word' id='word_1_30' title='bbox 1099 878 1287 964; x_wconf 89' lang='lat' dir='ltr'>parentibus</span> <span class='ocrx_word' id='word_1_31' title='bbox 1302 880 1367 954; x_wconf 85' lang='lat' dir='ltr'>suis,</span> <span class='ocrx_word' id='word_1_32' title='bbox 1398 929 1401 948; x_wconf 84' lang='grc'><strong>.</strong></span> 
     </span>
     <span class='ocr_line' id='line_1_5' title="bbox 347 961 1400 1065; baseline -0.005 -22"><span class='ocrx_word' id='word_1_33' title='bbox 347 981 534 1065; x_wconf 89' lang='lat' dir='ltr'>plusquam</span> <span class='ocrx_word' id='word_1_34' title='bbox 552 976 612 1040; x_wconf 90' lang='lat' dir='ltr'>diis</span> <span class='ocrx_word' id='word_1_35' title='bbox 634 974 867 1039; x_wconf 79' lang='lat' dir='ltr'>immortalibus</span> <span class='ocrx_word' id='word_1_36' title='bbox 885 974 1016 1049; x_wconf 88' lang='lat' dir='ltr'>debere,</span> <span class='ocrx_word' id='word_1_37' title='bbox 1039 996 1097 1059; x_wconf 91' lang='lat' dir='ltr'>per</span> <span class='ocrx_word' id='word_1_38' title='bbox 1114 995 1195 1058; x_wconf 93' lang='lat' dir='ltr'>quos</span> <span class='ocrx_word' id='word_1_39' title='bbox 1214 973 1366 1039; x_wconf 81' lang='lat' dir='ltr'>obsidione</span> <span class='ocrx_word' id='word_1_40' title='bbox 1397 961 1400 982; x_wconf 70' lang='lat'>⁸</span> 
     </span>
     <span class='ocr_line' id='line_1_6' title="bbox 348 1066 1365 1154; baseline -0.006 -17"><span class='ocrx_word' id='word_1_41' title='bbox 348 1072 525 1137; x_wconf 89' lang='lat' dir='ltr'>miserrima</span> <span class='ocrx_word' id='word_1_42' title='bbox 537 1069 662 1136; x_wconf 89' lang='lat' dir='ltr'>liberati</span> <span class='ocrx_word' id='word_1_43' title='bbox 673 1078 789 1145; x_wconf 80' lang='lat' dir='ltr'>essent,</span> <span class='ocrx_word' id='word_1_44' title='bbox 807 1090 943 1153; x_wconf 86' lang='lat' dir='ltr'>regnum</span> <span class='ocrx_word' id='word_1_45' title='bbox 957 1066 1098 1153; x_wconf 90' lang='lat' dir='ltr'>patrium</span> <span class='ocrx_word' id='word_1_46' title='bbox 1110 1089 1212 1154; x_wconf 87' lang='lat' dir='ltr'>prope</span> <span class='ocrx_word' id='word_1_47' title='bbox 1225 1068 1365 1133; x_wconf 92' lang='lat' dir='ltr'>amissum</span> 
     </span>
    </p>

    <p class='ocr_par' dir='ltr' id='par_1_4' title="bbox 316 1159 1364 1347">
     <span class='ocr_line' id='line_1_7' title="bbox 316 1159 1364 1255; baseline -0.006 -23"><span class='ocrx_word' id='word_1_48' title='bbox 316 1192 330 1239; x_wconf 82' lang='lat' dir='ltr'>s</span> <span class='ocrx_word' id='word_1_49' title='bbox 350 1165 568 1255; x_wconf 84' lang='lat' dir='ltr'>[recepissent.</span> <span class='ocrx_word' id='word_1_50' title='bbox 595 1159 799 1249; x_wconf 88' lang='lat' dir='ltr'>responsum]</span> <span class='ocrx_word' id='word_1_51' title='bbox 812 1162 854 1226; x_wconf 90' lang='lat' dir='ltr'>ab</span> <span class='ocrx_word' id='word_1_52' title='bbox 872 1173 985 1227; x_wconf 87' lang='lat' dir='ltr'>senatu</span> <span class='ocrx_word' id='word_1_53' title='bbox 999 1171 1057 1238; x_wconf 89' lang='lat' dir='ltr'>est,</span> <span class='ocrx_word' id='word_1_54' title='bbox 1076 1161 1364 1227; x_wconf 76' lang='lat' dir='ltr'>Antiochum&#39;recte</span> 
     </span>
     <span class='ocr_line' id='line_1_8' title="bbox 349 1256 1364 1347; baseline -0.005 -20"><span class='ocrx_word' id='word_1_55' title='bbox 349 1274 445 1347; x_wconf 90' lang='lat' dir='ltr'>atque</span> <span class='ocrx_word' id='word_1_56' title='bbox 463 1260 575 1325; x_wconf 86' lang='lat' dir='ltr'>ordine</span> <span class='ocrx_word' id='word_1_57' title='bbox 592 1258 722 1336; x_wconf 86' lang='lat' dir='ltr'>fecisse,</span> <span class='ocrx_word' id='word_1_58' title='bbox 748 1258 836 1341; x_wconf 91' lang='lat' dir='ltr'>quod</span> <span class='ocrx_word' id='word_1_59' title='bbox 852 1257 967 1343; x_wconf 89' lang='lat' dir='ltr'>legatis</span> <span class='ocrx_word' id='word_1_60' title='bbox 985 1256 1158 1343; x_wconf 89' lang='lat' dir='ltr'>paruisset,</span> <span class='ocrx_word' id='word_1_61' title='bbox 1185 1268 1364 1344; x_wconf 87' lang='lat' dir='ltr'>gratumque</span> 
     </span>
    </p>

    <p class='ocr_par' dir='ltr' id='par_1_5' title="bbox 316 1350 1401 1726">
     <span class='ocr_line' id='line_1_9' title="bbox 316 1350 1363 1438; baseline -0.01 -12"><span class='ocrx_word' id='word_1_62' title='bbox 316 1356 382 1426; x_wconf 76' lang='lat' dir='ltr'>tid</span> <span class='ocrx_word' id='word_1_63' title='bbox 409 1378 478 1422; x_wconf 91' lang='lat' dir='ltr'>esee</span> <span class='ocrx_word' id='word_1_64' title='bbox 510 1352 634 1420; x_wconf 90' lang='lat' dir='ltr'>senatui</span> <span class='ocrx_word' id='word_1_65' title='bbox 659 1352 844 1438; x_wconf 87' lang='lat' dir='ltr'>populoque</span> <span class='ocrx_word' id='word_1_66' title='bbox 870 1351 1033 1429; x_wconf 82' lang='lat' dir='ltr'>Roman03</span> <span class='ocrx_word' id='word_1_67' title='bbox 1063 1350 1196 1437; x_wconf 85' lang='lat' dir='ltr'>regibus</span> <span class='ocrx_word' id='word_1_68' title='bbox 1223 1350 1363 1438; x_wconf 81' lang='lat' dir='ltr'>Aegypti,</span> 
     </span>
     <span class='ocr_line' id='line_1_10' title="bbox 346 1445 1363 1534; baseline -0.006 -17"><span class='ocrx_word' id='word_1_69' title='bbox 346 1451 534 1517; x_wconf 87' lang='lat' dir='ltr'>Ptolemaeo</span> <span class='ocrx_word' id='word_1_70' title='bbox 553 1446 824 1534; x_wconf 81' lang='lat' dir='ltr'>Cleopatraeque,</span> <span class='ocrx_word' id='word_1_71' title='bbox 843 1447 870 1512; x_wconf 90' lang='lat' dir='ltr'>si</span> <span class='ocrx_word' id='word_1_72' title='bbox 887 1447 965 1531; x_wconf 92' lang='lat' dir='ltr'>quid</span> <span class='ocrx_word' id='word_1_73' title='bbox 982 1469 1041 1531; x_wconf 90' lang='lat' dir='ltr'>per</span> <span class='ocrx_word' id='word_1_74' title='bbox 1058 1469 1092 1512; x_wconf 90' lang='lat' dir='ltr'>se</span> <span class='ocrx_word' id='word_1_75' title='bbox 1110 1447 1188 1512; x_wconf 91' lang='lat' dir='ltr'>boni</span> <span class='ocrx_word' id='word_1_76' title='bbox 1206 1445 1363 1512; x_wconf 88' lang='lat' dir='ltr'>commodi·</span> 
     </span>
     <span class='ocr_line' id='line_1_11' title="bbox 348 1541 1362 1630; baseline -0.006 -20"><span class='ocrx_word' id='word_1_77' title='bbox 348 1566 411 1630; x_wconf 90' lang='lat' dir='ltr'>que</span> <span class='ocrx_word' id='word_1_78' title='bbox 426 1543 593 1618; x_wconf 87' lang='lat' dir='ltr'>evenisset,</span> <span class='ocrx_word' id='word_1_79' title='bbox 607 1542 641 1607; x_wconf 90' lang='lat' dir='ltr'>id</span> <span class='ocrx_word' id='word_1_80' title='bbox 660 1564 854 1627; x_wconf 87' lang='lat' dir='ltr'>magnopere</span> <span class='ocrx_word' id='word_1_81' title='bbox 868 1552 1013 1606; x_wconf 89' lang='lat' dir='ltr'>senatum</span> <span class='ocrx_word' id='word_1_82' title='bbox 1025 1541 1146 1618; x_wconf 89' lang='lat' dir='ltr'>laetari,</span> <span class='ocrx_word' id='word_1_83' title='bbox 1165 1541 1362 1625; x_wconf 81' lang='lat' dir='ltr'>daturumque</span> 
     </span>
     <span class='ocr_line' id='line_1_12' title="bbox 348 1634 1401 1726; baseline -0.005 -22"><span class='ocrx_word' id='word_1_84' title='bbox 348 1660 492 1726; x_wconf 90' lang='lat' dir='ltr'>operam,</span> <span class='ocrx_word' id='word_1_85' title='bbox 511 1648 548 1702; x_wconf 88' lang='lat' dir='ltr'>ut</span> <span class='ocrx_word' id='word_1_86' title='bbox 564 1636 656 1722; x_wconf 91' lang='lat' dir='ltr'>regni</span> <span class='ocrx_word' id='word_1_87' title='bbox 674 1635 724 1700; x_wconf 92' lang='lat' dir='ltr'>sui</span> <span class='ocrx_word' id='word_1_88' title='bbox 740 1635 918 1700; x_wconf 88' lang='lat' dir='ltr'>maximum</span> <span class='ocrx_word' id='word_1_89' title='bbox 936 1657 1061 1722; x_wconf 89' lang='lat' dir='ltr'>semper</span> <span class='ocrx_word' id='word_1_90' title='bbox 1078 1635 1276 1721; x_wconf 90' lang='lat' dir='ltr'>praesidinm</span> <span class='ocrx_word' id='word_1_91' title='bbox 1292 1634 1361 1721; x_wconf 90' lang='lat' dir='ltr'>posi·</span> <span class='ocrx_word' id='word_1_92' title='bbox 1398 1648 1401 1654; x_wconf 83' lang='grc'><strong><em>’</em></strong></span> 
     </span>
    </p>

    <p class='ocr_par' dir='ltr' id='par_1_6' title="bbox 313 1729 1360 1911">
     <span class='ocr_line' id='line_1_13' title="bbox 313 1729 1360 1817; baseline -0.006 -16"><span class='ocrx_word' id='word_1_93' title='bbox 313 1754 329 1803; x_wconf 88' lang='lat' dir='ltr'>a</span> <span class='ocrx_word' id='word_1_94' title='bbox 348 1745 417 1799; x_wconf 91' lang='lat' dir='ltr'>tum</span> <span class='ocrx_word' id='word_1_95' title='bbox 435 1755 504 1799; x_wconf 89' lang='lat' dir='ltr'>esse</span> <span class='ocrx_word' id='word_1_96' title='bbox 521 1731 555 1796; x_wconf 95' lang='lat' dir='ltr'>in</span> <span class='ocrx_word' id='word_1_97' title='bbox 573 1731 636 1796; x_wconf 91' lang='lat' dir='ltr'>fide</span> <span class='ocrx_word' id='word_1_98' title='bbox 653 1730 765 1816; x_wconf 93' lang='lat' dir='ltr'>populi</span> <span class='ocrx_word' id='word_1_99' title='bbox 782 1730 919 1796; x_wconf 91' lang='lat' dir='ltr'>Romani</span> <span class='ocrx_word' id='word_1_100' title='bbox 937 1730 1066 1795; x_wconf 90' lang='lat' dir='ltr'>ducant.</span> <span class='ocrx_word' id='word_1_101' title='bbox 1109 1752 1246 1796; x_wconf 91' lang='lat' dir='ltr'>munera</span> <span class='ocrx_word' id='word_1_102' title='bbox 1263 1729 1360 1817; x_wconf 80' lang='lat' dir='ltr'>legat&#39;a</span> 
     </span>
     <span class='ocr_line' id='line_1_14' title="bbox 347 1820 1360 1911; baseline -0.006 -16"><span class='ocrx_word' id='word_1_103' title='bbox 347 1840 384 1895; x_wconf 90' lang='lat' dir='ltr'>ut</span> <span class='ocrx_word' id='word_1_104' title='bbox 402 1852 442 1894; x_wconf 89' lang='lat' dir='ltr'>ex</span> <span class='ocrx_word' id='word_1_105' title='bbox 459 1827 603 1893; x_wconf 89' lang='lat' dir='ltr'>instituto</span> <span class='ocrx_word' id='word_1_106' title='bbox 616 1826 771 1891; x_wconf 89' lang='lat' dir='ltr'>mittenda</span> <span class='ocrx_word' id='word_1_107' title='bbox 786 1835 921 1903; x_wconf 85' lang='lat' dir='ltr'>curaret,</span> <span class='ocrx_word' id='word_1_108' title='bbox 938 1820 977 1890; x_wconf 82' lang='lat' dir='ltr'>C.</span> <span class='ocrx_word' id='word_1_109' title='bbox 987 1825 1117 1911; x_wconf 92' lang='lat' dir='ltr'>Papirio</span> <span class='ocrx_word' id='word_1_110' title='bbox 1130 1826 1271 1911; x_wconf 87' lang='lat' dir='ltr'>praetori</span> <span class='ocrx_word' id='word_1_111' title='bbox 1287 1847 1360 1890; x_wconf 87' lang='lat' dir='ltr'>man·</span> 
     </span>
    </p>

    <p class='ocr_par' dir='ltr' id='par_1_7' title="bbox 314 1916 1400 2176">
     <span class='ocr_line' id='line_1_15' title="bbox 314 1916 1400 2006; baseline -0.005 -16"><span class='ocrx_word' id='word_1_112' title='bbox 314 1942 328 1990; x_wconf 84' lang='lat' dir='ltr'>a</span> <span class='ocrx_word' id='word_1_113' title='bbox 348 1924 468 1988; x_wconf 85' lang='lat' dir='ltr'>datum.</span> <span class='ocrx_word' id='word_1_114' title='bbox 496 1922 619 1986; x_wconf 85' lang='lat' dir='ltr'>litterae</span> <span class='ocrx_word' id='word_1_115' title='bbox 634 1920 749 1986; x_wconf 88' lang='lat' dir='ltr'>deinde</span> <span class='ocrx_word' id='word_1_116' title='bbox 761 1916 807 2006; x_wconf 91' lang='lat' dir='ltr'>[e]</span> <span class='ocrx_word' id='word_1_117' title='bbox 818 1919 1013 1986; x_wconf 90' lang='lat' dir='ltr'>Macedonia</span> <span class='ocrx_word' id='word_1_118' title='bbox 1030 1920 1155 1997; x_wconf 86' lang='lat' dir='ltr'>allatae,</span> <span class='ocrx_word' id='word_1_119' title='bbox 1174 1941 1259 2004; x_wconf 90' lang='lat' dir='ltr'>quae</span> <span class='ocrx_word' id='word_1_120' title='bbox 1277 1918 1360 1985; x_wconf 87' lang='lat' dir='ltr'>victo·</span> <span class='ocrx_word' id='word_1_121' title='bbox 1397 1991 1400 1996; x_wconf 63' lang='grc'><strong>,</strong></span> 
     </span>
     <span class='ocr_line' id='line_1_16' title="bbox 347 2013 1360 2101; baseline -0.004 -19"><span class='ocrx_word' id='word_1_122' title='bbox 347 2016 413 2082; x_wconf 89' lang='lat' dir='ltr'>riae</span> <span class='ocrx_word' id='word_1_123' title='bbox 438 2015 592 2081; x_wconf 90' lang='lat' dir='ltr'>laetitiam</span> <span class='ocrx_word' id='word_1_124' title='bbox 618 2013 835 2101; x_wconf 88' lang='lat' dir='ltr'>geminarunt,</span> <span class='ocrx_word' id='word_1_125' title='bbox 856 2014 979 2080; x_wconf 90' lang='lat' dir='ltr'>Persea</span> <span class='ocrx_word' id='word_1_126' title='bbox 1000 2036 1110 2100; x_wconf 89' lang='lat' dir='ltr'>regem</span> <span class='ocrx_word' id='word_1_127' title='bbox 1130 2013 1164 2079; x_wconf 90' lang='lat' dir='ltr'>in</span> <span class='ocrx_word' id='word_1_128' title='bbox 1187 2024 1360 2100; x_wconf 87' lang='lat' dir='ltr'>potestaten</span> 
     </span>
     <span class='ocr_line' id='line_1_17' title="bbox 349 2108 643 2176; baseline -0.014 0"><span class='ocrx_word' id='word_1_129' title='bbox 349 2109 489 2176; x_wconf 89' lang='lat' dir='ltr'>consulis</span> <span class='ocrx_word' id='word_1_130' title='bbox 506 2108 643 2174; x_wconf 90' lang='lat' dir='ltr'>venisse.</span> 
     </span>
    </p>

    <p class='ocr_par' dir='ltr' id='par_1_8' title="bbox 299 2202 1401 2480">
     <span class='ocr_line' id='line_1_18' title="bbox 299 2202 1359 2290; baseline -0.004 -20"><span class='ocrx_word' id='word_1_131' title='bbox 299 2224 330 2272; x_wconf 81' lang='lat' dir='ltr'>ro</span> <span class='ocrx_word' id='word_1_132' title='bbox 412 2203 562 2269; x_wconf 92' lang='lat' dir='ltr'>Dimissis</span> <span class='ocrx_word' id='word_1_133' title='bbox 588 2202 702 2290; x_wconf 86' lang='lat' dir='ltr'>legatie</span> <span class='ocrx_word' id='word_1_134' title='bbox 730 2202 942 2289; x_wconf 78' lang='lat' dir='ltr'>disceptatum</span> <span class='ocrx_word' id='word_1_135' title='bbox 973 2203 1055 2268; x_wconf 90' lang='lat' dir='ltr'>inter</span> <span class='ocrx_word' id='word_1_136' title='bbox 1080 2202 1219 2268; x_wconf 91' lang='lat' dir='ltr'>Pisanos</span> <span class='ocrx_word' id='word_1_137' title='bbox 1245 2202 1359 2268; x_wconf 87' lang='lat' dir='ltr'>Lunen-</span> 
     </span>
     <span class='ocr_line' id='line_1_19' title="bbox 349 2295 1358 2384; baseline -0.005 -19"><span class='ocrx_word' id='word_1_138' title='bbox 349 2321 464 2383; x_wconf 88' lang='lat' dir='ltr'>sesque</span> <span class='ocrx_word' id='word_1_139' title='bbox 490 2299 630 2384; x_wconf 88' lang='lat' dir='ltr'>legatos,</span> <span class='ocrx_word' id='word_1_140' title='bbox 658 2296 786 2361; x_wconf 87' lang='lat' dir='ltr'>Pisanis</span> <span class='ocrx_word' id='word_1_141' title='bbox 812 2297 1019 2380; x_wconf 88' lang='lat' dir='ltr'>querentibus</span> <span class='ocrx_word' id='word_1_142' title='bbox 1047 2319 1125 2383; x_wconf 86' lang='lat' dir='ltr'>agro</span> <span class='ocrx_word' id='word_1_143' title='bbox 1152 2320 1187 2364; x_wconf 89' lang='lat' dir='ltr'>se</span> <span class='ocrx_word' id='word_1_144' title='bbox 1211 2320 1231 2362; x_wconf 90' lang='lat' dir='ltr'>a</span> <span class='ocrx_word' id='word_1_145' title='bbox 1257 2295 1358 2363; x_wconf 81' lang='lat' dir='ltr'>colonis</span> 
     </span>
     <span class='ocr_line' id='line_1_20' title="bbox 347 2391 1401 2480; baseline -0.008 -20"><span class='ocrx_word' id='word_1_146' title='bbox 347 2393 501 2461; x_wconf 84' lang='lat' dir='ltr'>Romanis</span> <span class='ocrx_word' id='word_1_147' title='bbox 528 2392 619 2480; x_wconf 89' lang='lat' dir='ltr'>pelli,</span> <span class='ocrx_word' id='word_1_148' title='bbox 642 2391 850 2456; x_wconf 86' lang='lat' dir='ltr'>Lunensibus</span> <span class='ocrx_word' id='word_1_149' title='bbox 877 2392 1118 2457; x_wconf 88' lang='lat' dir='ltr'>adfirmantibus</span> <span class='ocrx_word' id='word_1_150' title='bbox 1146 2415 1222 2458; x_wconf 89' lang='lat' dir='ltr'>eum</span> <span class='ocrx_word' id='word_1_151' title='bbox 1249 2392 1289 2458; x_wconf 88' lang='lat' dir='ltr'>de</span> <span class='ocrx_word' id='word_1_152' title='bbox 1311 2409 1358 2475; x_wconf 87' lang='lat' dir='ltr'>qno</span> <span class='ocrx_word' id='word_1_153' title='bbox 1392 2465 1401 2473; x_wconf 29' lang='grc' dir='ltr'>ι</span> 
     </span>
    </p>

    <p class='ocr_par' dir='ltr' id='par_1_9' title="bbox 299 2484 1358 2932">
     <span class='ocr_line' id='line_1_21' title="bbox 299 2484 1358 2576; baseline -0.003 -21"><span class='ocrx_word' id='word_1_154' title='bbox 299 2509 328 2555; x_wconf 86' lang='lat'>11</span> <span class='ocrx_word' id='word_1_155' title='bbox 348 2499 463 2576; x_wconf 87' lang='lat' dir='ltr'>agatur</span> <span class='ocrx_word' id='word_1_156' title='bbox 478 2488 519 2553; x_wconf 90' lang='lat' dir='ltr'>ab</span> <span class='ocrx_word' id='word_1_157' title='bbox 534 2486 707 2552; x_wconf 87' lang='lat' dir='ltr'>triumviris</span> <span class='ocrx_word' id='word_1_158' title='bbox 721 2508 835 2571; x_wconf 87' lang='lat' dir='ltr'>agrum</span> <span class='ocrx_word' id='word_1_159' title='bbox 849 2484 909 2550; x_wconf 90' lang='lat' dir='ltr'>sibi</span> <span class='ocrx_word' id='word_1_160' title='bbox 923 2486 1127 2572; x_wconf 88' lang='lat' dir='ltr'>adsignatum</span> <span class='ocrx_word' id='word_1_161' title='bbox 1140 2508 1221 2554; x_wconf 90' lang='lat' dir='ltr'>esse.</span> <span class='ocrx_word' id='word_1_162' title='bbox 1248 2495 1358 2552; x_wconf 72' lang='lat' dir='ltr'>senatur.</span> 
     </span>
     <span class='ocr_line' id='line_1_22' title="bbox 348 2580 1357 2669; baseline -0.005 -20"><span class='ocrx_word' id='word_1_163' title='bbox 348 2584 402 2669; x_wconf 91' lang='lat' dir='ltr'>qui</span> <span class='ocrx_word' id='word_1_164' title='bbox 426 2584 465 2649; x_wconf 90' lang='lat' dir='ltr'>de</span> <span class='ocrx_word' id='word_1_165' title='bbox 488 2582 606 2646; x_wconf 90' lang='lat' dir='ltr'>finibus</span> <span class='ocrx_word' id='word_1_166' title='bbox 629 2589 858 2666; x_wconf 84' lang='lat' dir='ltr'>cognoscerent</span> <span class='ocrx_word' id='word_1_167' title='bbox 883 2591 1121 2664; x_wconf 88' lang='lat' dir='ltr'>statuerentque</span> <span class='ocrx_word' id='word_1_168' title='bbox 1148 2580 1357 2664; x_wconf 77' lang='lat' dir='ltr'>quinqueviros</span> 
     </span>
     <span class='ocr_line' id='line_1_23' title="bbox 347 2673 1356 2758; baseline -0.003 -16"><span class='ocrx_word' id='word_1_169' title='bbox 347 2679 447 2752; x_wconf 90' lang='lat' dir='ltr'>misit,</span> <span class='ocrx_word' id='word_1_170' title='bbox 471 2675 513 2758; x_wconf 84' lang='lat' dir='ltr'>Q.</span> <span class='ocrx_word' id='word_1_171' title='bbox 531 2676 672 2741; x_wconf 78' lang='lat' dir='ltr'>Fabium</span> <span class='ocrx_word' id='word_1_172' title='bbox 693 2675 888 2752; x_wconf 89' lang='lat' dir='ltr'>Buteonem,</span> <span class='ocrx_word' id='word_1_173' title='bbox 911 2675 951 2740; x_wconf 90' lang='lat' dir='ltr'>P.</span> <span class='ocrx_word' id='word_1_174' title='bbox 972 2673 1159 2741; x_wconf 82' lang='lat' dir='ltr'>Cornelium</span> <span class='ocrx_word' id='word_1_175' title='bbox 1181 2675 1356 2748; x_wconf 80' lang='lat' dir='ltr'>Blasionem,</span> 
     </span>
     <span class='ocr_line' id='line_1_24' title="bbox 347 2770 1357 2858; baseline -0.004 -20"><span class='ocrx_word' id='word_1_176' title='bbox 347 2773 387 2837; x_wconf 77' lang='lat' dir='ltr'>T.</span> <span class='ocrx_word' id='word_1_177' title='bbox 404 2772 630 2857; x_wconf 86' lang='lat' dir='ltr'>Sempronium</span> <span class='ocrx_word' id='word_1_178' title='bbox 644 2771 810 2848; x_wconf 88' lang='lat' dir='ltr'>Muscam,</span> <span class='ocrx_word' id='word_1_179' title='bbox 828 2771 870 2836; x_wconf 89' lang='lat' dir='ltr'>L.</span> <span class='ocrx_word' id='word_1_180' title='bbox 884 2771 1044 2838; x_wconf 83' lang='lat' dir='ltr'>Naevium</span> <span class='ocrx_word' id='word_1_181' title='bbox 1057 2772 1210 2849; x_wconf 85' lang='lat' dir='ltr'>Balbum,</span> <span class='ocrx_word' id='word_1_182' title='bbox 1228 2770 1269 2838; x_wconf 85' lang='lat' dir='ltr'>O.</span> <span class='ocrx_word' id='word_1_183' title='bbox 1283 2773 1357 2858; x_wconf 89' lang='lat' dir='ltr'>Apu·</span> 
     </span>
     <span class='ocr_line' id='line_1_25' title="bbox 347 2866 684 2932; baseline -0.009 0"><span class='ocrx_word' id='word_1_184' title='bbox 347 2867 447 2932; x_wconf 88' lang='lat' dir='ltr'>leium</span> <span class='ocrx_word' id='word_1_185' title='bbox 465 2866 684 2932; x_wconf 89' lang='lat' dir='ltr'>Saturninum.</span> 
     </span>
    </p>

    <p class='ocr_par' dir='ltr' id='par_1_10' title="bbox 299 2959 1355 3330">
     <span class='ocr_line' id='line_1_26' title="bbox 299 2959 1355 3028; baseline -0.003 -3"><span class='ocrx_word' id='word_1_186' title='bbox 299 2977 330 3025; x_wconf 80' lang='lat'>12</span> <span class='ocrx_word' id='word_1_187' title='bbox 413 2959 458 3024; x_wconf 85' lang='lat' dir='ltr'>Et</span> <span class='ocrx_word' id='word_1_188' title='bbox 475 2959 517 3024; x_wconf 90' lang='lat' dir='ltr'>ab</span> <span class='ocrx_word' id='word_1_189' title='bbox 530 2959 676 3024; x_wconf 85' lang='lat' dir='ltr'>Eumene</span> <span class='ocrx_word' id='word_1_190' title='bbox 694 2971 726 3026; x_wconf 90' lang='lat' dir='ltr'>et</span> <span class='ocrx_word' id='word_1_191' title='bbox 743 2960 785 3024; x_wconf 89' lang='lat' dir='ltr'>ab</span> <span class='ocrx_word' id='word_1_192' title='bbox 799 2960 912 3026; x_wconf 89' lang='lat' dir='ltr'>Attalo</span> <span class='ocrx_word' id='word_1_193' title='bbox 930 2971 962 3026; x_wconf 89' lang='lat' dir='ltr'>et</span> <span class='ocrx_word' id='word_1_194' title='bbox 979 2961 1020 3025; x_wconf 91' lang='lat' dir='ltr'>ab</span> <span class='ocrx_word' id='word_1_195' title='bbox 1035 2960 1206 3027; x_wconf 88' lang='lat' dir='ltr'>Athenaeo</span> <span class='ocrx_word' id='word_1_196' title='bbox 1225 2961 1355 3028; x_wconf 84' lang='lat' dir='ltr'>fratribus</span> 
     </span>
     <span class='ocr_line' id='line_1_27' title="bbox 348 3053 1354 3141; baseline -0.001 -20"><span class='ocrx_word' id='word_1_197' title='bbox 348 3054 526 3121; x_wconf 89' lang='lat' dir='ltr'>communie</span> <span class='ocrx_word' id='word_1_198' title='bbox 543 3053 662 3140; x_wconf 84' lang='lat' dir='ltr'>legatio</span> <span class='ocrx_word' id='word_1_199' title='bbox 682 3054 722 3119; x_wconf 92' lang='lat' dir='ltr'>de</span> <span class='ocrx_word' id='word_1_200' title='bbox 739 3054 873 3120; x_wconf 84' lang='lat' dir='ltr'>victoria</span> <span class='ocrx_word' id='word_1_201' title='bbox 889 3056 1086 3141; x_wconf 88' lang='lat' dir='ltr'>gratulatum</span> <span class='ocrx_word' id='word_1_202' title='bbox 1104 3057 1202 3122; x_wconf 91' lang='lat' dir='ltr'>venit.</span> <span class='ocrx_word' id='word_1_203' title='bbox 1238 3067 1271 3123; x_wconf 89' lang='lat' dir='ltr'>et</span> <span class='ocrx_word' id='word_1_204' title='bbox 1285 3055 1354 3120; x_wconf 77' lang='lat' dir='ltr'>Mu·</span> 
     </span>
     <span class='ocr_line' id='line_1_28' title="bbox 346 3149 1354 3238; baseline 0.002 -23"><span class='ocrx_word' id='word_1_205' title='bbox 346 3151 451 3237; x_wconf 85' lang='lat' dir='ltr'>gabae</span> <span class='ocrx_word' id='word_1_206' title='bbox 460 3151 544 3237; x_wconf 87' lang='lat' dir='ltr'>regis</span> <span class='ocrx_word' id='word_1_207' title='bbox 554 3149 747 3215; x_wconf 87' lang='lat' dir='ltr'>Masinissae</span> <span class='ocrx_word' id='word_1_208' title='bbox 760 3149 836 3227; x_wconf 91' lang='lat' dir='ltr'>filio,</span> <span class='ocrx_word' id='word_1_209' title='bbox 846 3149 991 3216; x_wconf 89' lang='lat' dir='ltr'>Puteolis</span> <span class='ocrx_word' id='word_1_210' title='bbox 1000 3173 1082 3217; x_wconf 89' lang='lat' dir='ltr'>nave</span> <span class='ocrx_word' id='word_1_211' title='bbox 1092 3174 1233 3238; x_wconf 86' lang='lat' dir='ltr'>egresso,</span> <span class='ocrx_word' id='word_1_212' title='bbox 1251 3157 1354 3238; x_wconf 66' lang='lat' dir='ltr'>praesta</span> 
     </span>
     <span class='ocr_line' id='line_1_29' title="bbox 348 3237 1355 3330; baseline 0.002 -20"><span class='ocrx_word' id='word_1_213' title='bbox 348 3245 409 3310; x_wconf 87' lang='lat' dir='ltr'>fuit</span> <span class='ocrx_word' id='word_1_214' title='bbox 423 3245 552 3310; x_wconf 88' lang='lat' dir='ltr'>obviam</span> <span class='ocrx_word' id='word_1_215' title='bbox 570 3244 686 3309; x_wconf 89' lang='lat' dir='ltr'>missus</span> <span class='ocrx_word' id='word_1_216' title='bbox 700 3265 773 3308; x_wconf 85' lang='lat' dir='ltr'>oum</span> <span class='ocrx_word' id='word_1_217' title='bbox 786 3245 923 3330; x_wconf 91' lang='lat' dir='ltr'>pecunia</span> <span class='ocrx_word' id='word_1_218' title='bbox 931 3244 973 3310; x_wconf 90' lang='lat' dir='ltr'>L.</span> <span class='ocrx_word' id='word_1_219' title='bbox 982 3244 1125 3312; x_wconf 89' lang='lat' dir='ltr'>Manlius</span> <span class='ocrx_word' id='word_1_220' title='bbox 1143 3257 1301 3330; x_wconf 87' lang='lat' dir='ltr'>quaestor,</span> <span class='ocrx_word' id='word_1_221' title='bbox 1317 3237 1355 3326; x_wconf 71' lang='lat' dir='ltr'>qui</span> 
     </span>
    </p>

    <p class='ocr_par' dir='ltr' id='par_1_11' title="bbox 298 3337 1355 3806">
     <span class='ocr_line' id='line_1_30' title="bbox 298 3337 1355 3425; baseline 0.001 -22"><span class='ocrx_word' id='word_1_222' title='bbox 298 3355 329 3403; x_wconf 83' lang='lat'>13</span> <span class='ocrx_word' id='word_1_223' title='bbox 346 3337 484 3404; x_wconf 86' lang='lat' dir='ltr'>Romam</span> <span class='ocrx_word' id='word_1_224' title='bbox 502 3362 577 3404; x_wconf 90' lang='lat' dir='ltr'>eum</span> <span class='ocrx_word' id='word_1_225' title='bbox 598 3338 727 3425; x_wconf 90' lang='lat' dir='ltr'>publico</span> <span class='ocrx_word' id='word_1_226' title='bbox 751 3348 859 3403; x_wconf 89' lang='lat' dir='ltr'>sumtu</span> <span class='ocrx_word' id='word_1_227' title='bbox 881 3339 1079 3425; x_wconf 90' lang='lat' dir='ltr'>perduceret.</span> <span class='ocrx_word' id='word_1_228' title='bbox 1122 3340 1302 3408; x_wconf 87' lang='lat' dir='ltr'>advenienti</span> <span class='ocrx_word' id='word_1_229' title='bbox 1316 3357 1355 3404; x_wconf 84' lang='lat' dir='ltr'>ex·</span> 
     </span>
     <span class='ocr_line' id='line_1_31' title="bbox 348 3430 1354 3519; baseline -0.001 -21"><span class='ocrx_word' id='word_1_230' title='bbox 348 3434 468 3517; x_wconf 90' lang='lat' dir='ltr'>templo</span> <span class='ocrx_word' id='word_1_231' title='bbox 487 3444 615 3497; x_wconf 87' lang='lat' dir='ltr'>senatus</span> <span class='ocrx_word' id='word_1_232' title='bbox 637 3434 730 3498; x_wconf 88' lang='lat' dir='ltr'>datus</span> <span class='ocrx_word' id='word_1_233' title='bbox 749 3445 807 3498; x_wconf 86' lang='lat' dir='ltr'>est.</span> <span class='ocrx_word' id='word_1_234' title='bbox 846 3430 919 3519; x_wconf 92' lang='lat' dir='ltr'>[ibi]</span> <span class='ocrx_word' id='word_1_235' title='bbox 937 3433 966 3499; x_wconf 87' lang='lat' dir='ltr'>is</span> <span class='ocrx_word' id='word_1_236' title='bbox 983 3434 1171 3500; x_wconf 87' lang='lat' dir='ltr'>adulescens</span> <span class='ocrx_word' id='word_1_237' title='bbox 1189 3435 1236 3503; x_wconf 87' lang='lat' dir='ltr'>ita</span> <span class='ocrx_word' id='word_1_238' title='bbox 1252 3436 1354 3501; x_wconf 78' lang='lat' dir='ltr'>locutae</span> 
     </span>
     <span class='ocr_line' id='line_1_32' title="bbox 348 3527 1353 3615; baseline 0.005 -24"><span class='ocrx_word' id='word_1_239' title='bbox 348 3537 410 3604; x_wconf 90' lang='lat' dir='ltr'>est,</span> <span class='ocrx_word' id='word_1_240' title='bbox 437 3537 473 3590; x_wconf 90' lang='lat' dir='ltr'>ut</span> <span class='ocrx_word' id='word_1_241' title='bbox 495 3548 578 3610; x_wconf 90' lang='lat' dir='ltr'>quae</span> <span class='ocrx_word' id='word_1_242' title='bbox 600 3527 696 3592; x_wconf 90' lang='lat' dir='ltr'>rebus</span> <span class='ocrx_word' id='word_1_243' title='bbox 719 3538 812 3613; x_wconf 86' lang='lat' dir='ltr'>grata</span> <span class='ocrx_word' id='word_1_244' title='bbox 829 3539 934 3605; x_wconf 88' lang='lat' dir='ltr'>erant,</span> <span class='ocrx_word' id='word_1_245' title='bbox 959 3528 1100 3615; x_wconf 89' lang='lat' dir='ltr'>gratiora</span> <span class='ocrx_word' id='word_1_246' title='bbox 1117 3530 1225 3597; x_wconf 89' lang='lat' dir='ltr'>verbis</span> <span class='ocrx_word' id='word_1_247' title='bbox 1246 3531 1353 3596; x_wconf 73' lang='lat' dir='ltr'>faceia</span> 
     </span>
     <span class='ocr_line' id='line_1_33' title="bbox 348 3620 1353 3713; baseline 0.008 -27"><span class='ocrx_word' id='word_1_248' title='bbox 348 3620 617 3700; x_wconf 89' lang='lat' dir='ltr'>commemoravit,</span> <span class='ocrx_word' id='word_1_249' title='bbox 636 3633 715 3706; x_wconf 90' lang='lat' dir='ltr'>quot</span> <span class='ocrx_word' id='word_1_250' title='bbox 730 3622 854 3709; x_wconf 88' lang='lat' dir='ltr'>pedites</span> <span class='ocrx_word' id='word_1_251' title='bbox 870 3623 1068 3708; x_wconf 87' lang='lat' dir='ltr'>equitesque,</span> <span class='ocrx_word' id='word_1_252' title='bbox 1085 3635 1165 3708; x_wconf 91' lang='lat' dir='ltr'>quot</span> <span class='ocrx_word' id='word_1_253' title='bbox 1178 3625 1353 3713; x_wconf 72' lang='lat' dir='ltr'>elephantos</span> 
     </span>
     <span class='ocr_line' id='line_1_34' title="bbox 348 3715 1355 3806; baseline 0.008 -28"><span class='ocrx_word' id='word_1_254' title='bbox 348 3724 504 3799; x_wconf 88' lang='lat' dir='ltr'>quantum</span> <span class='ocrx_word' id='word_1_255' title='bbox 524 3715 676 3782; x_wconf 87' lang='lat' dir='ltr'>frumenti</span> <span class='ocrx_word' id='word_1_256' title='bbox 699 3739 737 3784; x_wconf 90' lang='lat' dir='ltr'>eo</span> <span class='ocrx_word' id='word_1_257' title='bbox 760 3718 968 3800; x_wconf 90' lang='lat' dir='ltr'>quadriennio</span> <span class='ocrx_word' id='word_1_258' title='bbox 991 3729 1083 3806; x_wconf 91' lang='lat' dir='ltr'>pater</span> <span class='ocrx_word' id='word_1_259' title='bbox 1108 3742 1186 3786; x_wconf 92' lang='lat' dir='ltr'>suus</span> <span class='ocrx_word' id='word_1_260' title='bbox 1210 3720 1245 3786; x_wconf 95' lang='lat' dir='ltr'>in</span> <span class='ocrx_word' id='word_1_261' title='bbox 1266 3719 1355 3785; x_wconf 71' lang='lat' dir='ltr'>Mart</span> 
     </span>
    </p>

    <p class='ocr_par' dir='ltr' id='par_1_12' title="bbox 298 3803 1355 4089">
     <span class='ocr_line' id='line_1_35' title="bbox 298 3803 1355 3898; baseline 0 -23"><span class='ocrx_word' id='word_1_262' title='bbox 298 3829 330 3877; x_wconf 81' lang='lat'>14</span> <span class='ocrx_word' id='word_1_263' title='bbox 349 3809 477 3874; x_wconf 90' lang='lat' dir='ltr'>doniam</span> <span class='ocrx_word' id='word_1_264' title='bbox 493 3809 645 3875; x_wconf 84' lang='lat' dir='ltr'>misisset:</span> <span class='ocrx_word' id='word_1_265' title='bbox 674 3812 754 3876; x_wconf 90' lang='lat' dir='ltr'>duas</span> <span class='ocrx_word' id='word_1_266' title='bbox 772 3834 822 3877; x_wconf 90' lang='lat' dir='ltr'>res</span> <span class='ocrx_word' id='word_1_267' title='bbox 840 3811 871 3878; x_wconf 91' lang='lat' dir='ltr'>ei</span> <span class='ocrx_word' id='word_1_268' title='bbox 888 3812 998 3878; x_wconf 91' lang='lat' dir='ltr'>rubori</span> <span class='ocrx_word' id='word_1_269' title='bbox 1015 3813 1129 3891; x_wconf 87' lang='lat' dir='ltr'>fuisse,</span> <span class='ocrx_word' id='word_1_270' title='bbox 1152 3837 1267 3893; x_wconf 91' lang='lat' dir='ltr'>unam,</span> <span class='ocrx_word' id='word_1_271' title='bbox 1289 3803 1355 3898; x_wconf 83' lang='lat' dir='ltr'>quod</span> 
     </span>
     <span class='ocr_line' id='line_1_36' title="bbox 347 3906 1355 3992; baseline 0.004 -24"><span class='ocrx_word' id='word_1_272' title='bbox 347 3914 492 3990; x_wconf 86' lang='lat' dir='ltr'>rogasset</span> <span class='ocrx_word' id='word_1_273' title='bbox 515 3926 589 3969; x_wconf 92' lang='lat' dir='ltr'>eum</span> <span class='ocrx_word' id='word_1_274' title='bbox 611 3906 813 3991; x_wconf 74' lang='lat' dir='ltr'>perlegales</span> <span class='ocrx_word' id='word_1_275' title='bbox 837 3918 965 3972; x_wconf 88' lang='lat' dir='ltr'>senatus</span> <span class='ocrx_word' id='word_1_276' title='bbox 987 3929 1070 3992; x_wconf 88' lang='lat' dir='ltr'>quae</span> <span class='ocrx_word' id='word_1_277' title='bbox 1094 3908 1136 3973; x_wconf 90' lang='lat' dir='ltr'>ad</span> <span class='ocrx_word' id='word_1_278' title='bbox 1157 3909 1278 3975; x_wconf 88' lang='lat' dir='ltr'>bellum</span> <span class='ocrx_word' id='word_1_279' title='bbox 1294 3919 1355 3992; x_wconf 72' lang='lat' dir='ltr'>opu·</span> 
     </span>
     <span class='ocr_line' id='line_1_37' title="bbox 347 3998 1355 4089; baseline 0.005 -26"><span class='ocrx_word' id='word_1_280' title='bbox 347 4008 454 4064; x_wconf 89' lang='lat' dir='ltr'>essent</span> <span class='ocrx_word' id='word_1_281' title='bbox 471 4009 504 4064; x_wconf 91' lang='lat' dir='ltr'>et</span> <span class='ocrx_word' id='word_1_282' title='bbox 519 4021 585 4064; x_wconf 91' lang='lat' dir='ltr'>non</span> <span class='ocrx_word' id='word_1_283' title='bbox 601 3998 791 4084; x_wconf 88' lang='lat' dir='ltr'>inperasset,</span> <span class='ocrx_word' id='word_1_284' title='bbox 809 4002 957 4078; x_wconf 89' lang='lat' dir='ltr'>alteram,</span> <span class='ocrx_word' id='word_1_285' title='bbox 976 4002 1064 4086; x_wconf 88' lang='lat' dir='ltr'>quod</span> <span class='ocrx_word' id='word_1_286' title='bbox 1081 4003 1254 4089; x_wconf 90' lang='lat' dir='ltr'>pecuniam</span> <span class='ocrx_word' id='word_1_287' title='bbox 1271 4003 1299 4069; x_wconf 90' lang='lat' dir='ltr'>ei</span> <span class='ocrx_word' id='word_1_288' title='bbox 1314 4013 1355 4087; x_wconf 67' lang='lat' dir='ltr'>pm</span> 
     </span>
    </p>

    <p class='ocr_par' dir='ltr' id='par_1_13' title="bbox 298 4092 1359 4371">
     <span class='ocr_line' id='line_1_38' title="bbox 298 4092 1357 4185; baseline 0.004 -26"><span class='ocrx_word' id='word_1_289' title='bbox 298 4112 329 4160; x_wconf 85' lang='lat'>15</span> <span class='ocrx_word' id='word_1_290' title='bbox 347 4092 508 4159; x_wconf 87' lang='lat' dir='ltr'>frumento</span> <span class='ocrx_word' id='word_1_291' title='bbox 524 4092 672 4160; x_wconf 85' lang='lat' dir='ltr'>misisset.</span> <span class='ocrx_word' id='word_1_292' title='bbox 699 4093 906 4165; x_wconf 88' lang='lat' dir='ltr'>Masinissam</span> <span class='ocrx_word' id='word_1_293' title='bbox 924 4097 1105 4163; x_wconf 89' lang='lat' dir='ltr'>meminisse</span> <span class='ocrx_word' id='word_1_294' title='bbox 1127 4120 1266 4185; x_wconf 88' lang='lat' dir='ltr'>regnum</span> <span class='ocrx_word' id='word_1_295' title='bbox 1283 4112 1357 4181; x_wconf 73' lang='lat' dir='ltr'>apo·</span> 
     </span>
     <span class='ocr_line' id='line_1_39' title="bbox 348 4187 1358 4278; baseline 0.009 -27"><span class='ocrx_word' id='word_1_296' title='bbox 348 4187 424 4272; x_wconf 92' lang='lat' dir='ltr'>pulo</span> <span class='ocrx_word' id='word_1_297' title='bbox 434 4187 581 4254; x_wconf 87' lang='lat' dir='ltr'>Romano</span> <span class='ocrx_word' id='word_1_298' title='bbox 593 4198 721 4275; x_wconf 88' lang='lat' dir='ltr'>partum</span> <span class='ocrx_word' id='word_1_299' title='bbox 734 4201 928 4276; x_wconf 86' lang='lat' dir='ltr'>auctumque</span> <span class='ocrx_word' id='word_1_300' title='bbox 942 4202 975 4256; x_wconf 91' lang='lat' dir='ltr'>et</span> <span class='ocrx_word' id='word_1_301' title='bbox 987 4191 1236 4278; x_wconf 89' lang='lat' dir='ltr'>multiplicatum</span> <span class='ocrx_word' id='word_1_302' title='bbox 1248 4190 1358 4260; x_wconf 73' lang='lat' dir='ltr'>habere</span> 
     </span>
     <span class='ocr_line' id='line_1_40' title="bbox 346 4277 1359 4371; baseline 0.007 -26"><span class='ocrx_word' id='word_1_303' title='bbox 346 4301 409 4346; x_wconf 90' lang='lat' dir='ltr'>usu</span> <span class='ocrx_word' id='word_1_304' title='bbox 431 4284 523 4371; x_wconf 84' lang='lat' dir='ltr'>regni</span> <span class='ocrx_word' id='word_1_305' title='bbox 545 4296 729 4352; x_wconf 89' lang='lat' dir='ltr'>contentum</span> <span class='ocrx_word' id='word_1_306' title='bbox 752 4286 846 4365; x_wconf 93' lang='lat' dir='ltr'>scire,</span> <span class='ocrx_word' id='word_1_307' title='bbox 871 4286 1048 4352; x_wconf 90' lang='lat' dir='ltr'>dominium</span> <span class='ocrx_word' id='word_1_308' title='bbox 1065 4299 1098 4352; x_wconf 89' lang='lat' dir='ltr'>et</span> <span class='ocrx_word' id='word_1_309' title='bbox 1119 4286 1170 4354; x_wconf 90' lang='lat' dir='ltr'>ius</span> <span class='ocrx_word' id='word_1_310' title='bbox 1192 4310 1301 4354; x_wconf 91' lang='lat' dir='ltr'>eorum</span> <span class='ocrx_word' id='word_1_311' title='bbox 1317 4277 1359 4368; x_wconf 78' lang='lat' dir='ltr'>qui</span> 
     </span>
    </p>
   </div>
   <div class='ocr_carea' id='block_1_3' title="bbox 0 0 1684 5092">
    <p class='ocr_par' dir='ltr' id='par_1_14' title="bbox 0 0 1684 5092">
     <span class='ocr_line' id='line_1_41' title="bbox 0 0 1684 5092; baseline 0 4"><span class='ocrx_word' id='word_1_312' title='bbox 0 0 1684 5092; x_wconf 95' lang='lat' dir='ltr'> </span> 
     </span>
    </p>
   </div>
  </div>
 </body>
</html>
