3359 5092
338 534 382 600 50
535 545 653 602 LIBER
669 545 828 616 XXXXII,
847 545 891 601 28.
911 548 949 614 [a.
959 562 986 600 u.
996 561 1020 601 c.
1030 546 1090 602 582.
1101 545 1165 616 583]

307 729 321 777 1
404 703 573 771 XXVIII.
591 703 692 769 Exitu
701 725 799 789 prope
809 703 884 768 anni
895 700 934 768 C.
944 702 1102 788 Popillius
1111 704 1223 770 consul
1232 705 1361 770 Romam

339 799 433 867 rediit
446 799 608 883 aliquanto
618 798 718 863 serius
729 819 825 883 quam
836 794 997 883 [senatus]
1008 810 1184 875 censuerat,
1199 799 1252 863 cui
1266 799 1359 885 primo
1400 849 1401 860 ,

339 916 468 979 quoqne
486 905 627 980 tempore
644 893 849 979 magistratus
872 892 988 968 creari,
1011 913 1085 957 cum
1102 903 1227 958 tantum
1249 894 1358 959 bellum
1398 871 1402 950 l

307 1015 322 1062 2
340 990 528 1066 immineret,
546 1012 564 1055 e
581 1011 616 1054 re
634 988 763 1074 publica
780 987 886 1053 visum
903 998 980 1054 erat.
1010 987 1119 1070 itaque
1136 1009 1203 1052 non
1221 988 1356 1054 secunde
1394 987 1402 1052 ζ

341 1084 470 1151 auribus
488 1096 616 1171 patrum
634 1083 762 1148 auditus
780 1093 828 1148 est
846 1082 966 1159 consul,
985 1104 1059 1147 cum
1077 1082 1110 1146 in
1124 1083 1203 1148 aede
1213 1083 1355 1149 Bellonae
1390 1115 1402 1204 p

306 1181 381 1251 ade
402 1180 498 1245 rebus
519 1179 554 1244 in
570 1178 748 1265 Liguribus
771 1176 870 1263 gestis
893 1176 1069 1241 dissereret.
1105 1177 1354 1242 succlamationes
1398 1217 1401 1232 ι

340 1275 522 1357 frequentes
550 1283 641 1339 erant
665 1272 1007 1358 interrogationesquc,
1035 1293 1091 1335 cur
1118 1272 1237 1338 scelere
1263 1271 1353 1337 fratris

307 1393 324 1440 4
342 1390 511 1455 oppressos
527 1368 667 1454 Ligures
686 1367 719 1431 in
736 1366 916 1431 libertatern
933 1388 998 1430 non
1014 1366 1215 1431 restituisset.
1243 1366 1354 1432 comitia

342 1462 531 1540 consularia,
548 1462 581 1526 in
599 1483 698 1545 quam
715 1460 820 1526 edicta
837 1470 927 1525 erant
944 1460 1039 1537 diem,
1059 1471 1132 1527 ante
1150 1461 1237 1526 diem
1250 1462 1354 1525 duode-

308 1558 460 1628 5cimum
485 1556 550 1621 kal.
574 1554 710 1620 Martias
736 1564 811 1619 sunt
836 1554 955 1619 habita.
1008 1554 1106 1619 creati
1132 1556 1279 1620 consules
1297 1548 1352 1641 [P]

341 1650 487 1715 Licinius
498 1645 645 1725 Crassus,
665 1644 703 1712 C.
715 1645 847 1713 Cassius
861 1646 1040 1733 Longinus.
1067 1661 1195 1734 postero
1210 1649 1262 1713 die
1279 1670 1354 1734 prae·

342 1756 426 1811 tores
444 1743 521 1808 facti
535 1740 574 1808 C.
586 1742 747 1828 Sulpicius
758 1741 875 1819 Galba,
889 1742 931 1806 L.
940 1742 1059 1807 Furius
1068 1742 1193 1819 Philus,
1209 1742 1250 1807 L.
1262 1741 1354 1809 Canu·

342 1840 423 1906 leius
440 1838 553 1914 Dives,
572 1833 611 1901 C.
630 1835 800 1902 Lucretius
820 1833 979 1922 [Gallus],
999 1834 1037 1902 C.
1053 1834 1211 1902 Caninius
1227 1837 1354 1910 Rebilus,

310 1957 324 2005 6
343 1933 384 1998 L.
402 1931 519 1998 Villius
537 1931 684 1995 Annalis.
719 1929 768 1994 liis
791 1931 990 2016 praetoribus
1013 1931 1195 2017 provinciae
1215 1932 1355 2005 decretae,

344 2026 426 2092 duae
443 2025 511 2090 iure
520 2025 644 2091 Romae
662 2024 807 2101 dicendo,
825 2024 984 2109 Hispania
1001 2035 1033 2090 et
1043 2024 1153 2092 Sicilia
1170 2036 1203 2091 et
1214 2024 1356 2100 Sardinia.

311 2146 324 2191 7
343 2131 379 2186 ut
396 2120 452 2184 uni
466 2141 532 2184 sors
550 2120 674 2204 integra
690 2129 783 2197 esset,
801 2140 865 2202 quo
880 2130 1008 2184 senatus
1023 2120 1207 2186 censuisset.
1236 2119 1358 2186 consuli·

343 2215 405 2279 bus
423 2213 596 2299 designatis
613 2213 781 2298 imperavit
799 2224 938 2291 senatus,
956 2224 993 2278 ut
1007 2234 1071 2298 qua
1084 2214 1135 2279 die
1148 2216 1358 2299 magistratum
1399 2277 1402 2286 ,

343 2308 492 2384 inissent,
518 2307 618 2372 hostis
641 2306 814 2372 maioribus
835 2307 896 2372 rite
918 2309 1063 2372 mactatis
1090 2321 1310 2394 precarentur,
1332 2317 1359 2371 ut

345 2404 432 2488 quod
449 2403 569 2469 bellum
587 2403 725 2488 populus
740 2401 905 2466 Romanus
924 2401 958 2466 in
974 2402 1080 2467 animo
1099 2403 1234 2470 haberet
1251 2423 1358 2490 gerere,

310 2509 381 2567 sut
403 2497 436 2561 id
458 2519 647 2583 prosperum
668 2495 818 2560 eveniret.
860 2496 973 2561 eodem
995 2496 1046 2561 die
1069 2496 1210 2561 decrevit
1234 2507 1360 2570 senatus,

346 2588 385 2656 Ο.
408 2590 565 2677 Popillius
592 2590 703 2655 consul
728 2590 821 2654 ludos
843 2613 901 2676 per
924 2590 991 2655 dies
1013 2594 1125 2657 decem
1147 2593 1221 2657 Iovi
1244 2604 1360 2679 optumo

344 2706 495 2750 maxumo
513 2693 644 2750 voveret
662 2683 809 2767 donaque
827 2685 911 2749 circa
930 2684 1036 2749 omnia
1052 2685 1251 2771 pulvinaria,
1274 2687 1301 2752 si
1320 2705 1359 2750 res

313 2802 327 2848 9
345 2778 474 2864 publica
492 2777 603 2842 decem
621 2797 721 2841 annos
744 2777 778 2841 in
795 2778 908 2843 eodem
926 2789 1011 2843 statu
1033 2778 1156 2844 fuisset.
1183 2780 1230 2845 ita
1248 2792 1284 2846 ut
1300 2801 1360 2845 cen·

348 2883 490 2948 sacrant,
517 2871 550 2934 in
578 2868 737 2955 Capitolio
764 2871 853 2936 vovit
878 2872 988 2937 consul
1014 2874 1107 2938 ludos
1133 2873 1203 2938 lieri
1226 2876 1358 2958 donaque

346 2965 429 3043 dari,
456 2975 577 3050 quanta
600 2988 640 3030 ex
658 2964 794 3049 pecunia
812 2966 971 3032 decresset
987 2977 1130 3044 senatus,
1153 2989 1230 3033 cum
1248 2981 1358 3035 centum
1400 2967 1401 2974 ’

347 3071 379 3125 et
400 3059 633 3145 quinquaginta
657 3081 722 3123 non
746 3059 851 3124 minus
875 3060 1031 3126 adessent.
1073 3075 1251 3146 praeeunte
1277 3060 1358 3127 verba

347 3155 473 3241 Lepido
491 3154 639 3241 pontifice
656 3175 807 3218 maxumo
824 3154 859 3219 id
876 3166 986 3219 votum
1005 3166 1188 3241 susceptum
1207 3168 1267 3221 est.

297 3272 330 3322 1o
412 3248 463 3313 Eo
481 3271 564 3313 anno
583 3247 764 3313 sacerdotes
781 3247 901 3333 publici
918 3248 1050 3326 mortui,
1073 3247 1113 3313 L.
1132 3249 1292 3315 Aemilius
1307 3249 1358 3313 Pa·

346 3365 407 3429 pus
430 3342 589 3407 decemvir
612 3360 774 3407 sacrorum
797 3353 830 3406 et
848 3340 889 3423 Q.
907 3340 1041 3406 Fulvius
1058 3343 1195 3408 Flaccus
1219 3342 1358 3430 pontifex,

297 3458 328 3504 11
347 3436 403 3520 qui
420 3435 523 3521 priore
539 3457 622 3500 anno
640 3436 744 3502 fuerat
758 3456 880 3501 censor.
908 3435 960 3501 hic
977 3436 1072 3503 foeda
1089 3448 1190 3503 morte
1204 3439 1305 3523 periit.
1328 3455 1358 3500 ex

348 3530 473 3594 duobus
491 3528 573 3594 filius
592 3530 670 3606 eius,
689 3529 831 3613 quitum
848 3530 881 3594 in
896 3530 1024 3615 Illyrico
1041 3531 1232 3611 militabant,
1251 3530 1359 3598 nuntia-

348 3634 416 3687 tum
425 3623 559 3689 alterum
568 3620 767 3710 [decessisse
777 3621 1023 3709 alterum]gravi
1033 3625 1255 3710 etpericulo'so
1264 3625 1358 3691 morbo

299 3739 330 3787 12
348 3739 479 3803 aegrum
490 3738 569 3782 esse.
587 3717 693 3782 obruit
707 3717 847 3781 animum
863 3717 956 3781 simul
969 3718 1074 3783 luctus
1083 3730 1268 3804 metusque3
1281 3737 1359 3785 manc

348 3812 483 3899 ingressi
505 3811 688 3878 cubiculum
711 3812 795 3878 servi
816 3813 931 3897 laqueo
955 3813 1187 3899 dependentem
1213 3815 1359 3881 invenere.

349 3918 417 3975 erat
438 3906 545 3992 opinio
569 3920 642 3994 post
669 3930 836 3973 censuram
859 3907 963 3972 minus
986 3920 1153 3993 conpotem
1181 3909 1282 3976 fuisse
1307 3905 1359 3980 suit
1397 3929 1402 3998 j

348 4003 444 4088 volgo
460 4000 592 4067 Iunonis
610 4001 763 4067 Laciniae
780 4002 860 4065 iram
879 4002 920 4066 ob
938 4002 1108 4087 spoliatum
1124 4004 1281 4089 templum
1298 4002 1361 4068 alie·
1400 4029 1401 4052 2

301 4116 330 4164 la
348 4120 441 4162 nasse
454 4108 592 4161 mentem
605 4096 760 4161 ferebant.
789 4094 943 4161 suffectus
955 4096 990 4160 in
998 4096 1117 4162 Aemili
1131 4097 1238 4162 locum
1249 4098 1360 4163 decem·

348 4190 397 4255 vir
413 4191 462 4254 M.
477 4190 625 4256 Valerius
638 4189 793 4267 Messala3
810 4189 845 4254 in
858 4188 954 4254 Fulvi
971 4190 1115 4275 pontifex
1134 4187 1195 4255 Cn.
1209 4189 1361 4257 Domitius

349 4284 584 4349 Ahenobarbus
603 4283 719 4369 oppido
737 4284 922 4349 adulescens
940 4282 1117 4369 (sacerdos)
1135 4296 1183 4350 est
1200 4286 1310 4352 lectus.
