3359 5092
352 535 396 599 84
557 542 675 600 11111
691 542 849 612 mixtur,
868 542 968 597 mco.
988 539 1169 610 [111111]

351 703 519 792 praesidio,
540 700 616 785 quia
629 721 762 765 numero
780 709 812 764 et
828 698 950 764 viribus
966 698 1069 785 impar
1082 708 1159 776 erat,
1178 696 1358 762 defensurus.

319 821 332 868 1
351 796 397 864 ibi
415 820 488 862 cum
504 796 538 860 in
555 794 666 859 orbem
682 794 798 858 milites
817 793 987 879 coegisset,
1010 805 1046 860 ut
1063 792 1203 858 densatis
1220 790 1313 856 scutis
1328 788 1359 854 ab

351 894 417 960 ictu
435 891 621 978 sagittarum
640 900 672 954 et
688 889 866 954 iaculorum
883 911 952 954 sese
969 899 1142 964 tuerentur,
1159 887 1299 952 Perseus
1315 886 1362 949 cir·
1404 903 1406 966 χ

352 988 500 1054 cumdato
514 986 643 1051 1111111111
658 985 780 1050 tumulo
795 983 874 1049 alios
885 1005 1052 1049 ascensum
1065 982 1209 1066 undiquc
1222 992 1363 1067 temptare
1378 993 1384 1020 '

351 1083 440 1150 iubet
456 1092 488 1147 et
505 1079 681 1146 comminus
698 1078 855 1164 proelium
873 1100 1054 1154 conserere,
1077 1076 1155 1142 alios
1173 1077 1298 1142 eminus
1313 1073 1365 1139 tela

318 1196 333 1246 8
350 1177 505 1263 ingerere.
539 1174 653 1261 ingens
670 1173 833 1238 Romanos
852 1184 953 1238 terror
971 1171 1212 1248 circumstabat3
1230 1193 1306 1235 nam
1320 1190 1366 1232 ne-

351 1293 414 1358 que
444 1267 579 1335 conferti
605 1263 812 1354 [propellere]
844 1277 972 1353 propter
1003 1287 1057 1331 eos
1091 1265 1146 1350 qui
1171 1258 1366 1351 [ascendere]

350 1365 385 1430 in
405 1363 565 1429 tumulum
582 1361 781 1427 conabantur
797 1372 958 1446 poterant,
977 1371 1009 1425 et
1030 1359 1087 1424 ubi
1104 1359 1231 1424 ordines
1249 1379 1368 1444 procur·

318 1457 451 1528 asando
474 1455 655 1532 solvissent,
683 1454 836 1541 patebant
860 1454 972 1518 iaculis
998 1454 1197 1540 sagittisque.
1241 1452 1367 1517 maxime

352 1550 649 1637 cestrosphendonis
675 1549 934 1614 vulnerabantur.
978 1549 1040 1614 hoc
1065 1549 1120 1613 illo
1147 1549 1233 1614 bello
1260 1568 1366 1612 novum

351 1656 484 1734 genust
471 1644 552 1710 teli
543 1655 709 1709 inventum
726 1653 783 1708 est.
828 1642 967 1751 bipalme
985 1644 1143 1728 spiculmn
1160 1642 1269 1706 hastili
1287 1637 1369 1706 semi-
1403 1647 1406 1702 ἶ

302 1761 334 1809 10
352 1738 482 1804 cubitali
503 1737 638 1802 infixum
661 1746 731 1802 erat
752 1748 864 1801 1111111
840 1736 961 1801 tudine
985 1737 1093 1823 digiti,
1121 1737 1197 1802 huic
1224 1736 1406 1822 abiegnae

351 1835 465 1900 breves
482 1832 600 1919 pinnae
617 1843 691 1908 tres,
709 1831 797 1897 velut
815 1832 940 1918 sagittis
954 1833 1066 1909 solent,
1085 1832 1368 1905 circumdabantur3
1398 1821 1407 1898 l

350 1928 452 1993 funda
473 1928 579 1992 media
597 1926 660 1990 duo
679 1925 844 1991 scutalia
834 1926 959 2011 inparia
982 1926 1131 1992 habebat.
1177 1948 1253 1991 cum
1271 1922 1369 1990 maiori

351 2023 424 2088 nisu
445 2022 541 2087 librat
528 2033 597 2086 tum
619 2021 724 2086 fundit
711 2032 761 2085 tor
787 2019 914 2086 habena
935 2032 1068 2098 rotaret,
1095 2044 1271 2086 excussum
1295 2021 1369 2086 velut

302 2135 332 2182 11
351 2115 443 2202 glans
462 2115 628 2180 emicabat.
656 2137 729 2179 cum
746 2125 779 2180 et
795 2113 857 2180 hoc
875 2115 986 2181 etalio
1004 2115 1091 2180 omni
1108 2138 1228 2201 genere
1247 2117 1368 2182 telorum

351 2232 423 2295 pars
446 2209 613 2274 vulnerata
635 2208 770 2273 militum
793 2220 877 2273 esset
903 2231 962 2274 nec
985 2209 1079 2274 facile
1104 2209 1170 2273 iam
1193 2233 1284 2276 arma
1305 2203 1366 2273 fessi

351 2304 553 2379 sustinerent,
570 2303 768 2379 instarem,
786 2313 823 2367 ut
839 2302 993 2368 dederent
1005 2326 1050 2380 se,
1067 2304 1165 2369 fidem
1183 2306 1272 2382 dare,
1291 2323 1368 2390 prac-

349 2398 415 2462 mia
439 2398 600 2463 interdurn
625 2397 776 2482 polliceri.
821 2420 881 2463 nec
903 2397 1092 2481 cuiusquam
1116 2399 1158 2463 ad
1186 2399 1366 2465 deditionem

350 2492 537 2558 flectebatur
554 2492 690 2566 animus,
708 2512 782 2555 cum
800 2514 841 2556 ex
858 2492 1019 2577 insperato
1032 2492 1097 2557 iam
1111 2494 1283 2561 obstinatis
1300 2489 1366 2558 mori

301 2604 333 2654 12
351 2610 424 2672 spes
442 2586 583 2652 adfulsit.
628 2609 704 2651 nam
721 2608 795 2653 cum
813 2609 854 2652 ex
876 2586 1160 2652 frumentatoribus
1186 2589 1367 2676 refugientes

351 2682 481 2765 quidam
497 2682 532 2745 in
550 2691 654 2745 castra
670 2682 869 2747 nuntiassent
887 2682 1009 2747 consuli
1027 2683 1247 2749 circumsideri
1265 2680 1369 2770 praed·

352 2776 451 2852 dium,
469 2785 574 2839 motus
591 2775 733 2859 periculo
751 2787 797 2841 tot
812 2776 1063 2841 civium—nam
1078 2779 1257 2865 octingenti
1275 2780 1367 2852 ferne,

353 2881 385 2934 et
407 2890 518 2932 omnes
541 2869 677 2933 Romani
701 2882 791 2935 erant
807 2906 851 2917 —
869 2893 942 2936 cum
965 2873 1108 2955 equitatu
1132 2896 1171 2937 ac
1194 2875 1259 2939 levi
1282 2893 1369 2937 arms·

351 2973 424 3027 tura
435 2998 480 3009 -
496 2973 694 3027 accesserant
710 2982 794 3029 nova
810 2964 941 3043 auxilia,
959 2965 1131 3031 Numidiae
1149 2968 1277 3052 pedites
1296 2963 1370 3050 cqui-

350 3068 461 3141 tesque
480 3067 510 3122 et
531 3056 691 3141 elephanti
706 3093 752 3104 —
768 3058 879 3123 castris
898 3060 1061 3144 egreditur
1084 3072 1116 3125 et
1138 3061 1278 3126 tribunis
1301 3057 1369 3125 111111·

301 3166 332 3216 11
350 3161 418 3214 tum
435 3151 580 3236 imperat,
598 3161 634 3215 ut
652 3151 814 3236 legionum
829 3152 922 3237 signa
935 3164 1118 3236 sequantur.
1146 3154 1219 3239 ipse
1234 3154 1367 3221 velitibus

351 3245 392 3309 ad
404 3244 560 3308 firmanda
576 3245 695 3310 levium
709 3266 870 3309 armorum
885 3246 1005 3310 auxilia
1018 3247 1150 3312 adiectis
1165 3249 1210 3313 ad
1223 3250 1366 3314 tumulum

301 3354 332 3401 14
350 3337 520 3422 praecedit.
570 3338 708 3403 consulis
732 3339 833 3403 latera
859 3350 972 3425 tegunt
989 3339 1168 3418 Eumenes,
1197 3343 1327 3409 Attalus
1344 3351 1368 3404 et

350 3429 536 3514 Misagenes
554 3432 684 3515 regulus
701 3432 925 3497 Numidarum.

318 3541 331 3586 1
414 3521 543 3588 LXVI.
571 3520 687 3589 (lum
677 3549 711 3589 111
733 3537 926 3611 conspectu
922 3529 1029 3612 prima
1051 3528 1145 3614 signa
1167 3552 1303 3596 suorum
1323 3526 1368 3593 cir·

351 3616 521 3681 cumsessis
540 3617 683 3695 fuerunt,
706 3620 861 3685 Romanis
879 3621 1010 3704 quidem
1028 3622 1070 3687 ab
1088 3624 1218 3691 ultuma
1236 3626 1367 3711 uespere

317 3724 332 3773 t
351 3708 436 3775 tione
451 3721 610 3776 recreatus
625 3723 672 3777 est
691 3712 830 3790 animus3
848 3714 998 3792 Perseus,
1017 3717 1069 3781 cui
1083 3717 1230 3802 primum
1243 3717 1368 3784 omnium

349 3801 463 3880 fuerat,
441 3814 519 3868 tut
536 3816 701 3871 contentus
718 3805 782 3870 fort
770 3805 850 3874 tuito
869 3830 1034 3884 successu,
1053 3811 1156 3896 captis
1175 3813 1301 3898 aliquot
1315 3812 1368 3878 fru-

350 3906 470 3961 mentat
457 3898 577 3963 toribus
596 3900 781 3983 occisisque,
800 3922 865 3966 non
883 3912 998 3968 tereret
1016 3915 1145 3991 tempus
1162 3906 1199 3972 in
1216 3908 1367 3973 obsidione

317 3990 508 4098 apraesidii‚
527 3994 712 4069 secundum,
731 4016 769 4058 ea
786 4014 914 4079 quoque
931 4006 1018 4083 temp
1019 4008 1087 4063 tata
1101 4011 1292 4086 utcumque,
1309 4017 1368 4066 cum

350 4082 444 4148 sciret
431 4084 533 4149 tnihil
550 4084 671 4151 mboris
686 4108 794 4151 secum
812 4109 892 4165 esse,
911 4088 988 4153 dum
997 4021 1141 4157 liceret
1132 4105 1267 4173 mtacto,
1285 4092 1368 4196 abirt3

351 4176 411 4239 et
402 4199 470 4260 ipse
492 4177 632 4243 hostium
654 4178 826 4245 adventum
845 4183 947 4248 elatus
965 4207 1117 4252 successu
1136 4189 1258 4255 mansit
1245 4200 1307 4254 tet
1322 4179 1365 4294 qul

314 4266 539 4355 sphalangem
571 4283 766 4338 arcesserent
796 4296 930 4360 propere
966 4279 1066 4357 misit·
1103 4302 1190 4366 quae
1217 4294 1251 4349 et
1281 4279 1367 4347 serio·
