3359 5092
416 534 534 592 mus
549 535 708 606 xxxxn,
728 538 753 592 1.
765 536 792 596 a.
810 541 851 603 [s.
861 535 893 593 o.
903 537 962 592 ru
972 537 1037 605 1⁷3]
1198 525 1241 594 29

285 716 297 758 s
317 704 351 759 et
367 692 568 779 peregrinos,
585 694 628 758 N.
645 692 768 758 Fabius
785 693 891 759 Buteo
909 695 1101 780 Hispaniam
1118 694 1243 762 citerio-

285 834 293 864 ‚
313 784 356 852 C.
374 786 538 852 Matienus
556 787 754 865 ulteriorem,
770 787 820 853 M.
838 787 957 853 Furius
976 786 1142 876 Crassipes
1161 789 1243 857 Sici-

289 930 299 960 ,
330 878 372 948 O.
392 878 555 947 Cicereius
580 880 771 949 Sardiniam.
824 884 1012 969 priusquam
1039 886 1242 971 magistratus
1260 906 1276 956 s

285 976 499 1052 lciscerentur,
518 976 642 1041 senatui
659 977 790 1062 placuit,
806 975 848 1041 L.
863 977 1066 1042 Postumium
1081 980 1244 1045 consulem

285 1092 384 1156 grum
398 1069 562 1154 publicum
572 1093 592 1134 a
605 1070 730 1156 privato
744 1071 979 1137 terminandum
988 1073 1022 1137 in
1033 1069 1244 1158 Campaniam

289 1164 384 1230 cuius
405 1164 570 1249 ingentem
590 1164 722 1229 modum
744 1165 907 1250 possidere
931 1166 1072 1252 privatos
1089 1167 1244 1252 paulatim

285 1258 406 1324 'erendo
423 1258 502 1322 fines
521 1257 695 1324 constabat
722 1258 775 1325 hic
791 1259 893 1325 iratus
900 1258 1127 1338 Praenestinis,
1145 1260 1242 1344 quod,
1261 1283 1276 1332 ι

313 1374 354 1417 eo
381 1351 524 1437 privatus
551 1352 686 1418 sacrifici
710 1354 745 1417 in
771 1355 890 1439 templo
912 1354 1076 1420 Fortunae
1102 1354 1244 1420 faciundi

285 1470 309 1511 a
325 1446 492 1533 profectus
506 1457 600 1525 esset,
616 1446 696 1512 nihil
708 1447 742 1513 in
756 1470 790 1514 se
805 1448 980 1514 honorifice
994 1470 1099 1533 neque
1116 1450 1244 1535 publice

285 1564 316 1606 se
340 1541 490 1627 privatim
512 1541 634 1606 factum
657 1565 676 1607 a
697 1542 914 1608 Praenestinis
932 1555 1030 1620 esset,
1057 1544 1244 1629 priusquam

285 1636 380 1701 tome
397 1635 664 1721 proficisceretur,
689 1637 810 1702 litteras
818 1635 994 1704 Praeneste
1003 1638 1103 1714 misit,
1130 1650 1167 1704 ut
1184 1638 1245 1704 sibi

285 1730 421 1796 istratus
439 1730 567 1795 obviam
584 1732 720 1808 exirent,
738 1732 846 1796 locum
862 1732 990 1817 publice
1008 1743 1168 1818 pararent,
1186 1734 1243 1798 ubi

285 1835 441 1903 uteretur,
459 1825 673 1909 iumentaque,
687 1848 760 1890 cum
769 1825 870 1890 exiret
882 1820 967 1901 inde,
986 1837 1113 1911 praesto
1128 1837 1242 1892 essent.

310 1920 402 1985 huno
424 1920 588 1984 consulem
609 1941 704 1986 nemo
721 1941 876 2003 umquam
899 1920 992 1986 sociis
1015 1922 1081 1985 ulla
1103 1944 1138 1986 re
1155 1921 1277 1988 oneris

285 2012 430 2098 sumptui
446 2013 517 2078 fuit
543 2014 615 2078 ideo
631 2014 837 2100 magistratus
854 2013 949 2079 mulis
967 2015 1243 2099 tabernaculisque
1262 2033 1276 2081 9

285 2108 363 2173 »mni
388 2108 452 2171 alio
478 2109 688 2175 instrumento
716 2108 845 2174 militari
868 2109 1077 2187 ornabantur,
1100 2131 1142 2174 ne
1167 2108 1245 2193 quid

299 2204 501 2289 imperarent
526 2203 629 2269 sociis.
681 2202 807 2289 privata
837 2202 975 2290 hospitia
1000 2203 1176 2283 habebant3
1203 2226 1242 2269 ea
1261 2222 1293 2270 10

285 2321 353 2384 gne
376 2298 574 2380 comiterque
597 2297 759 2373 colebant,
785 2297 964 2382 domusque
986 2320 1098 2363 eorum
1119 2298 1243 2364 Romae

285 2393 394 2458 »itibus
420 2392 589 2477 patebant,
615 2403 693 2478 aput
714 2414 795 2476 quos
816 2393 893 2478 ipsis
916 2392 1038 2457 deverti
1058 2414 1128 2457 mos
1151 2404 1243 2458 esset.

285 2487 325 2565 ti,
353 2487 411 2571 qui
431 2497 562 2571 repente
586 2486 693 2569 aliquo
713 2487 928 2562 mitterentur,
955 2485 1082 2572 singula
1101 2486 1244 2551 iumenta
1263 2504 1293 2551 11

299 2581 413 2666 oppida
438 2581 500 2645 iter
521 2602 586 2664 qua
612 2581 799 2646 faciundum
822 2591 890 2646 erat
910 2580 1125 2665 imperabant3
1149 2579 1244 2645 uliam

285 2699 382 2742 susam
408 2677 486 2741 socii
512 2677 547 2741 in
569 2677 775 2763 magistratus
792 2676 956 2742 Romanos
983 2697 1048 2742 non
1073 2675 1244 2741 faciebant.

285 2772 436 2848 consulis,
460 2771 586 2836 etiamsi
602 2771 702 2848 iusta,
724 2793 789 2836 non
805 2782 915 2836 tamen
930 2771 964 2835 in
982 2770 1170 2857 magistratu
1188 2792 1244 2837 ex-
1264 2786 1295 2833 12

285 2867 369 2943 nda,
395 2876 429 2930 et
449 2866 611 2931 silentium
630 2866 724 2930 nimis
748 2877 804 2932 aut
824 2867 1006 2932 modestum
1024 2877 1081 2930 aut
1097 2865 1244 2930 timidum

285 2961 500 3027 euestinorum
512 2960 574 3039 ius,
592 2961 679 3026 velut
691 2961 825 3046 probato
835 2961 993 3046 exemplo,
1002 2960 1244 3047 ¹magistratibus

285 3082 291 3120 :
308 3055 495 3142 graviorum
511 3055 546 3118 in
564 3054 631 3120 dies
649 3055 721 3120 talis
739 3055 865 3141 generis
882 3054 1098 3139 imperiorum.

285 3151 327 3215 [l.
352 3149 518 3236 Principio
540 3148 635 3215 huius
659 3150 735 3214 anni
756 3146 868 3235 legati,
896 3150 952 3234 qui
973 3149 1008 3214 in
1028 3146 1191 3213 Aetoliam
1212 3158 1245 3212 et
1263 3163 1276 3208 1

285 3245 445 3312 *edoniam
466 3245 555 3309 missi
578 3255 683 3320 erant,
700 3245 936 3321 renuntiarunt,
958 3242 1020 3308 sibi
1037 3240 1245 3309 conveniendi

284 3339 434 3416 sPersei,
453 3360 527 3404 cum
545 3338 600 3404 alii
617 3339 729 3406 abesse
747 3361 830 3416 eum,
850 3339 904 3403 alii
918 3360 1051 3422 aegrum
1065 3359 1145 3414 esse,
1163 3335 1245 3402 falso

285 3456 400 3518 mique,
413 3434 581 3521 fingerent,
594 3445 785 3520 potestatem
800 3457 866 3500 non
879 3433 1012 3500 factam:
1030 3432 1125 3498 facile
1139 3443 1245 3498 tamen
1263 3444 1279 3492 t

285 3530 406 3594 aruisse
423 3529 494 3607 sibi,
511 3529 632 3594 bellum
649 3530 755 3615 parari
771 3550 832 3595 nec
849 3530 933 3594 ultra
946 3528 989 3592 ad
1005 3550 1096 3592 arma
1106 3525 1153 3592 ire
1167 3526 1246 3591 dila·

285 3647 336 3688 lm.
363 3623 440 3690 item
456 3624 630 3688 inAetolia
647 3624 834 3688 seditionem
851 3623 985 3708 gliscere
998 3621 1033 3685 in
1046 3622 1124 3700 dies,
1142 3642 1245 3704 neque

285 3718 450 3783 ordiarum
473 3718 632 3804 principes
650 3717 839 3783 auctoritate
858 3738 918 3780 sua
935 3715 1073 3782 coerceri
1094 3714 1245 3801 potuisse.

285 3836 295 3878 ι
315 3812 437 3879 bellum
453 3811 701 3878 Macedonicum
721 3811 757 3875 iu
779 3809 998 3896 expectatione
1019 3822 1117 3886 esset,
1143 3808 1279 3894 prius-3
1399 3865 1404 3874 .

285 3906 368 3972 mid
385 3906 615 3992 susciperetur,
640 3904 788 3991 prodigia
811 3903 932 3989 expiari
954 3924 1129 3989 pacemque
1151 3901 1246 3966 deum

285 3999 561 4086 precationibus,
588 3999 644 4084 qui
670 3999 747 4064 editi
773 4021 814 4063 ex
838 3998 990 4063 fatalibus
1015 3995 1105 4061 libris
1131 4003 1245 4069 essent,

285 4095 352 4159 cuit.
395 4093 526 4158 Lanuvi
552 4093 662 4158 classis
688 4115 825 4179 magnae
848 4091 969 4178 species
991 4091 1025 4156 in
1048 4088 1136 4154 eaelo
1157 4086 1278 4149 visset

285 4188 411 4254 sbautur
426 4198 459 4254 et
465 4187 614 4254 Priverni
630 4188 704 4252 lana
717 4188 806 4273 pulla
820 4197 904 4252 terra
922 4195 1015 4252 enata
1028 4193 1061 4249 et
1075 4178 1246 4246 inVeienti

285 4292 301 4346 t
317 4282 507 4349 Rementem
527 4281 720 4370 lapidatum,
736 4280 944 4367 Pomptinum
963 4299 1056 4343 omne
1077 4274 1167 4342 velut
1186 4297 1248 4339 nu-
