<?xml version="1.0" encoding="UTF-8"?>
<!DOCTYPE html PUBLIC "-//W3C//DTD XHTML 1.0 Transitional//EN"
    "http://www.w3.org/TR/xhtml1/DTD/xhtml1-transitional.dtd">
<html xmlns="http://www.w3.org/1999/xhtml" xml:lang="en" lang="en">
 <head>
  <title>
</title>
<meta http-equiv="Content-Type" content="text/html;charset=utf-8" />
  <meta name='ocr-system' content='tesseract 3.04.00' />
  <meta name='ocr-capabilities' content='ocr_page ocr_carea ocr_par ocr_line ocrx_word'/>
</head>
<body>
  <div class='ocr_page' id='page_1' title='image "./titiliviaburbec02weisgoog_0244.png"; bbox 0 0 3359 5092; ppageno 0'>
   <div class='ocr_carea' id='block_1_1' title="bbox 376 525 1201 609">
    <p class='ocr_par' dir='ltr' id='par_1_1' title="bbox 376 525 1201 609">
     <span class='ocr_line' id='line_1_1' title="bbox 376 525 1201 609; baseline 0.006 -18"><span class='ocrx_word' id='word_1_1' title='bbox 376 525 440 591; x_wconf 82' lang='grc'><strong>110</strong></span> <span class='ocrx_word' id='word_1_2' title='bbox 582 538 701 594; x_wconf 77' lang='lat' dir='ltr'><strong>arcun</strong></span> <span class='ocrx_word' id='word_1_3' title='bbox 717 537 874 609; x_wconf 81' lang='lat' dir='ltr'><strong>xxxxv,</strong></span> <span class='ocrx_word' id='word_1_4' title='bbox 893 539 936 594; x_wconf 77' lang='lat' dir='ltr'><strong>rr.</strong></span> <span class='ocrx_word' id='word_1_5' title='bbox 950 538 993 593; x_wconf 77' lang='lat' dir='ltr'><strong>aa.</strong></span> <span class='ocrx_word' id='word_1_6' title='bbox 1012 537 1201 608; x_wconf 64' lang='lat' dir='ltr'><strong>[anessa]</strong></span> 
     </span>
    </p>
   </div>
   <div class='ocr_carea' id='block_1_2' title="bbox 336 696 1396 2400">
    <p class='ocr_par' dir='ltr' id='par_1_2' title="bbox 336 696 1396 2400">
     <span class='ocr_line' id='line_1_2' title="bbox 341 696 1389 783; baseline -0.001 -17"><span class='ocrx_word' id='word_1_7' title='bbox 341 719 356 766; x_wconf 79' lang='lat' dir='ltr'><strong>a</strong></span> <span class='ocrx_word' id='word_1_8' title='bbox 376 719 456 783; x_wconf 91' lang='lat' dir='ltr'><strong>qnos</strong></span> <span class='ocrx_word' id='word_1_9' title='bbox 474 697 622 783; x_wconf 88' lang='lat' dir='ltr'><strong>praemiis</strong></span> <span class='ocrx_word' id='word_1_10' title='bbox 641 709 738 782; x_wconf 91' lang='lat' dir='ltr'><strong>atque</strong></span> <span class='ocrx_word' id='word_1_11' title='bbox 761 696 935 762; x_wconf 81' lang='lat' dir='ltr'>honoribus</span> <span class='ocrx_word' id='word_1_12' title='bbox 953 696 1167 782; x_wconf 77' lang='lat' dir='ltr'><strong>amplissumis</strong></span> <span class='ocrx_word' id='word_1_13' title='bbox 1186 697 1337 764; x_wconf 76' lang='lat' dir='ltr'><strong>donastis.</strong></span> <span class='ocrx_word' id='word_1_14' title='bbox 1366 711 1389 764; x_wconf 88' lang='lat' dir='ltr'><strong>et</strong></span> 
     </span>
     <span class='ocr_line' id='line_1_3' title="bbox 374 790 1387 877; baseline 0.001 -21"><span class='ocrx_word' id='word_1_15' title='bbox 374 790 574 856; x_wconf 88' lang='lat' dir='ltr'><strong>Macedonas</strong></span> <span class='ocrx_word' id='word_1_16' title='bbox 591 792 783 877; x_wconf 78' lang='lat' dir='ltr'><strong>Illyriosque</strong></span> <span class='ocrx_word' id='word_1_17' title='bbox 799 791 917 857; x_wconf 92' lang='lat' dir='ltr'><strong>liberos</strong></span> <span class='ocrx_word' id='word_1_18' title='bbox 935 813 1021 870; x_wconf 91' lang='lat' dir='ltr'><strong>esse,</strong></span> <span class='ocrx_word' id='word_1_19' title='bbox 1038 800 1076 856; x_wconf 92' lang='lat' dir='ltr'><strong>ut</strong></span> <span class='ocrx_word' id='word_1_20' title='bbox 1093 792 1259 870; x_wconf 80' lang='lat' dir='ltr'><strong>audimus,</strong></span> <span class='ocrx_word' id='word_1_21' title='bbox 1278 792 1387 870; x_wconf 74' lang='lat' dir='ltr'><strong>iubetis,</strong></span> 
     </span>
     <span class='ocr_line' id='line_1_4' title="bbox 340 886 1385 971; baseline -0.006 -13"><span class='ocrx_word' id='word_1_22' title='bbox 340 912 357 958; x_wconf 85' lang='lat'>4</span> <span class='ocrx_word' id='word_1_23' title='bbox 374 908 450 953; x_wconf 88' lang='lat' dir='ltr'><strong>cum</strong></span> <span class='ocrx_word' id='word_1_24' title='bbox 467 886 632 952; x_wconf 84' lang='lat' dir='ltr'><strong>servierint</strong></span> <span class='ocrx_word' id='word_1_25' title='bbox 645 897 817 971; x_wconf 88' lang='lat' dir='ltr'><strong>antequam</strong></span> <span class='ocrx_word' id='word_1_26' title='bbox 830 887 998 953; x_wconf 89' lang='lat' dir='ltr'><strong>vobiscum</strong></span> <span class='ocrx_word' id='word_1_27' title='bbox 1010 886 1286 953; x_wconf 84' lang='lat' dir='ltr'><strong>bellarent—nec</strong></span> <span class='ocrx_word' id='word_1_28' title='bbox 1300 887 1385 952; x_wconf 87' lang='lat' dir='ltr'><strong>cuius·</strong></span> 
     </span>
     <span class='ocr_line' id='line_1_5' title="bbox 373 982 1383 1069; baseline 0 -21"><span class='ocrx_word' id='word_1_29' title='bbox 373 1004 472 1067; x_wconf 90' lang='lat' dir='ltr'><strong>quam</strong></span> <span class='ocrx_word' id='word_1_30' title='bbox 488 983 635 1048; x_wconf 86' lang='lat' dir='ltr'><strong>fortunae</strong></span> <span class='ocrx_word' id='word_1_31' title='bbox 652 982 847 1060; x_wconf 87' lang='lat' dir='ltr'><strong>invidemus,</strong></span> <span class='ocrx_word' id='word_1_32' title='bbox 864 983 962 1048; x_wconf 93' lang='lat' dir='ltr'><strong>immo</strong></span> <span class='ocrx_word' id='word_1_33' title='bbox 980 983 1184 1069; x_wconf 80' lang='lat' dir='ltr'><strong>agnoscimus</strong></span> <span class='ocrx_word' id='word_1_34' title='bbox 1202 982 1383 1049; x_wconf 87' lang='lat' dir='ltr'><strong>clementiam</strong></span> 
     </span>
     <span class='ocr_line' id='line_1_6' title="bbox 373 1077 1382 1164; baseline 0 -22"><span class='ocrx_word' id='word_1_35' title='bbox 373 1078 484 1164; x_wconf 93' lang='lat' dir='ltr'><strong>populi</strong></span> <span class='ocrx_word' id='word_1_36' title='bbox 500 1078 638 1143; x_wconf 89' lang='lat' dir='ltr'><strong>Romani</strong></span> <span class='ocrx_word' id='word_1_37' title='bbox 646 1113 699 1155; x_wconf 91' lang='lat'><strong>-,</strong></span> <span class='ocrx_word' id='word_1_38' title='bbox 709 1077 863 1156; x_wconf 89' lang='lat' dir='ltr'><strong>Rhodios,</strong></span> <span class='ocrx_word' id='word_1_39' title='bbox 881 1077 938 1163; x_wconf 93' lang='lat' dir='ltr'><strong>qui</strong></span> <span class='ocrx_word' id='word_1_40' title='bbox 955 1077 1034 1142; x_wconf 91' lang='lat' dir='ltr'><strong>nihil</strong></span> <span class='ocrx_word' id='word_1_41' title='bbox 1051 1078 1139 1143; x_wconf 86' lang='lat' dir='ltr'><strong>aliud</strong></span> <span class='ocrx_word' id='word_1_42' title='bbox 1157 1099 1256 1162; x_wconf 90' lang='lat' dir='ltr'><strong>quam</strong></span> <span class='ocrx_word' id='word_1_43' title='bbox 1274 1079 1382 1163; x_wconf 80' lang='lat' dir='ltr'><strong>quiere</strong></span> 
     </span>
     <span class='ocr_line' id='line_1_7' title="bbox 339 1163 1396 1250; baseline -0.004 -8"><span class='ocrx_word' id='word_1_44' title='bbox 339 1194 355 1243; x_wconf 82' lang='lat'><strong>5</strong></span> <span class='ocrx_word' id='word_1_45' title='bbox 374 1183 449 1238; x_wconf 88' lang='lat' dir='ltr'><strong>runt</strong></span> <span class='ocrx_word' id='word_1_46' title='bbox 466 1173 528 1238; x_wconf 92' lang='lat' dir='ltr'><strong>hoc</strong></span> <span class='ocrx_word' id='word_1_47' title='bbox 545 1173 641 1249; x_wconf 89' lang='lat' dir='ltr'><strong>bello,</strong></span> <span class='ocrx_word' id='word_1_48' title='bbox 659 1172 767 1238; x_wconf 87' lang='lat' dir='ltr'><strong>hostes</strong></span> <span class='ocrx_word' id='word_1_49' title='bbox 785 1195 826 1237; x_wconf 89' lang='lat' dir='ltr'><strong>ex</strong></span> <span class='ocrx_word' id='word_1_50' title='bbox 844 1172 939 1250; x_wconf 85' lang='lat' dir='ltr'><strong>sociis</strong></span> <span class='ocrx_word' id='word_1_51' title='bbox 956 1172 1074 1238; x_wconf 85' lang='lat' dir='ltr'><strong>facturi</strong></span> <span class='ocrx_word' id='word_1_52' title='bbox 1091 1173 1189 1238; x_wconf 85' lang='lat' dir='ltr'><strong>estis?</strong></span> <span class='ocrx_word' id='word_1_53' title='bbox 1215 1183 1300 1239; x_wconf 89' lang='lat' dir='ltr'><strong>certe</strong></span> <span class='ocrx_word' id='word_1_54' title='bbox 1315 1163 1396 1238; x_wconf 65' lang='lat' dir='ltr'><strong>Iden?</strong></span> 
     </span>
     <span class='ocr_line' id='line_1_8' title="bbox 372 1243 1396 1382; baseline 0 -50"><span class='ocrx_word' id='word_1_55' title='bbox 372 1290 430 1334; x_wconf 86' lang='lat' dir='ltr'><strong>vos</strong></span> <span class='ocrx_word' id='word_1_56' title='bbox 449 1269 525 1334; x_wconf 91' lang='lat' dir='ltr'><strong>estis</strong></span> <span class='ocrx_word' id='word_1_57' title='bbox 542 1267 695 1345; x_wconf 87' lang='lat' dir='ltr'><strong>Romani,</strong></span> <span class='ocrx_word' id='word_1_58' title='bbox 713 1268 770 1351; x_wconf 92' lang='lat' dir='ltr'><strong>qui</strong></span> <span class='ocrx_word' id='word_1_59' title='bbox 786 1267 859 1334; x_wconf 88' lang='lat' dir='ltr'><strong>ideo</strong></span> <span class='ocrx_word' id='word_1_60' title='bbox 877 1267 984 1333; x_wconf 87' lang='lat' dir='ltr'><strong>felicia</strong></span> <span class='ocrx_word' id='word_1_61' title='bbox 1001 1268 1086 1333; x_wconf 90' lang='lat' dir='ltr'><strong>bella</strong></span> <span class='ocrx_word' id='word_1_62' title='bbox 1103 1279 1211 1334; x_wconf 88' lang='lat' dir='ltr'><strong>vestra</strong></span> <span class='ocrx_word' id='word_1_63' title='bbox 1227 1290 1306 1346; x_wconf 93' lang='lat' dir='ltr'><strong>esse,</strong></span> <span class='ocrx_word' id='word_1_64' title='bbox 1323 1243 1396 1382; x_wconf 62' lang='lat' dir='ltr'><strong>quial</strong></span> 
     </span>
     <span class='ocr_line' id='line_1_9' title="bbox 371 1359 1396 1458; baseline -0.001 -31"><span class='ocrx_word' id='word_1_65' title='bbox 371 1364 456 1429; x_wconf 88' lang='lat' dir='ltr'><strong>iusta</strong></span> <span class='ocrx_word' id='word_1_66' title='bbox 474 1364 551 1439; x_wconf 91' lang='lat' dir='ltr'><strong>sint,</strong></span> <span class='ocrx_word' id='word_1_67' title='bbox 569 1384 647 1447; x_wconf 90' lang='lat' dir='ltr'><strong>prae</strong></span> <span class='ocrx_word' id='word_1_68' title='bbox 665 1362 756 1427; x_wconf 88' lang='lat' dir='ltr'><strong>vobis</strong></span> <span class='ocrx_word' id='word_1_69' title='bbox 774 1361 880 1441; x_wconf 87' lang='lat' dir='ltr'><strong>fertis,</strong></span> <span class='ocrx_word' id='word_1_70' title='bbox 901 1384 962 1428; x_wconf 91' lang='lat' dir='ltr'><strong>nec</strong></span> <span class='ocrx_word' id='word_1_71' title='bbox 979 1374 1045 1428; x_wconf 91' lang='lat' dir='ltr'><strong>tam</strong></span> <span class='ocrx_word' id='word_1_72' title='bbox 1062 1362 1151 1428; x_wconf 87' lang='lat' dir='ltr'><strong>exitu</strong></span> <span class='ocrx_word' id='word_1_73' title='bbox 1168 1385 1296 1439; x_wconf 91' lang='lat' dir='ltr'><strong>eorum,</strong></span> <span class='ocrx_word' id='word_1_74' title='bbox 1313 1359 1396 1458; x_wconf 58' lang='lat' dir='ltr'><strong>quod3</strong></span> 
     </span>
     <span class='ocr_line' id='line_1_10' title="bbox 371 1456 1396 1544; baseline -0.003 -20"><span class='ocrx_word' id='word_1_75' title='bbox 371 1459 516 1536; x_wconf 87' lang='lat' dir='ltr'><strong>vincatis,</strong></span> <span class='ocrx_word' id='word_1_76' title='bbox 535 1479 633 1542; x_wconf 89' lang='lat' dir='ltr'><strong>qnam</strong></span> <span class='ocrx_word' id='word_1_77' title='bbox 646 1458 820 1544; x_wconf 80' lang='lat' dir='ltr'><strong>principiis,</strong></span> <span class='ocrx_word' id='word_1_78' title='bbox 839 1459 927 1542; x_wconf 93' lang='lat' dir='ltr'><strong>quod</strong></span> <span class='ocrx_word' id='word_1_79' title='bbox 938 1481 1004 1524; x_wconf 91' lang='lat' dir='ltr'><strong>non</strong></span> <span class='ocrx_word' id='word_1_80' title='bbox 1017 1458 1085 1524; x_wconf 92' lang='lat' dir='ltr'><strong>sine</strong></span> <span class='ocrx_word' id='word_1_81' title='bbox 1099 1480 1198 1524; x_wconf 87' lang='lat' dir='ltr'><strong>causa</strong></span> <span class='ocrx_word' id='word_1_82' title='bbox 1211 1456 1377 1543; x_wconf 85' lang='lat' dir='ltr'><strong>suscipiatis,</strong></span> <span class='ocrx_word' id='word_1_83' title='bbox 1393 1485 1396 1544; x_wconf 64' lang='lat'>1</span> 
     </span>
     <span class='ocr_line' id='line_1_11' title="bbox 339 1549 1396 1690; baseline -0.007 -68"><span class='ocrx_word' id='word_1_84' title='bbox 339 1573 353 1622; x_wconf 86' lang='lat'><strong>6</strong></span> <span class='ocrx_word' id='word_1_85' title='bbox 372 1552 563 1638; x_wconf 89' lang='lat' dir='ltr'><strong>gloriamini.</strong></span> <span class='ocrx_word' id='word_1_86' title='bbox 598 1553 752 1619; x_wconf 84' lang='lat' dir='ltr'><strong>Messana</strong></span> <span class='ocrx_word' id='word_1_87' title='bbox 768 1552 803 1616; x_wconf 90' lang='lat' dir='ltr'><strong>in</strong></span> <span class='ocrx_word' id='word_1_88' title='bbox 821 1550 933 1620; x_wconf 81' lang='lat' dir='ltr'><strong>Sicilia</strong></span> <span class='ocrx_word' id='word_1_89' title='bbox 950 1563 1136 1639; x_wconf 83' lang='lat' dir='ltr'><strong>oppugnata</strong></span> <span class='ocrx_word' id='word_1_90' title='bbox 1154 1549 1376 1639; x_wconf 82' lang='lat' dir='ltr'><strong>Carthaginien·</strong></span> <span class='ocrx_word' id='word_1_91' title='bbox 1386 1553 1396 1690; x_wconf 60' lang='lat' dir='ltr'><strong>p*</strong></span> 
     </span>
     <span class='ocr_line' id='line_1_12' title="bbox 372 1644 1396 1760; baseline -0.002 -49"><span class='ocrx_word' id='word_1_92' title='bbox 372 1670 433 1725; x_wconf 92' lang='lat' dir='ltr'><strong>ses,</strong></span> <span class='ocrx_word' id='word_1_93' title='bbox 451 1648 599 1713; x_wconf 90' lang='lat' dir='ltr'><strong>Athenae</strong></span> <span class='ocrx_word' id='word_1_94' title='bbox 618 1659 823 1735; x_wconf 90' lang='lat' dir='ltr'><strong>oppugnatae</strong></span> <span class='ocrx_word' id='word_1_95' title='bbox 841 1659 873 1714; x_wconf 89' lang='lat' dir='ltr'><strong>et</strong></span> <span class='ocrx_word' id='word_1_96' title='bbox 892 1646 1031 1714; x_wconf 85' lang='lat' dir='ltr'><strong>Graecia</strong></span> <span class='ocrx_word' id='word_1_97' title='bbox 1047 1648 1080 1712; x_wconf 93' lang='lat' dir='ltr'><strong>in</strong></span> <span class='ocrx_word' id='word_1_98' title='bbox 1099 1648 1285 1713; x_wconf 83' lang='lat' dir='ltr'><strong>servitutem</strong></span> <span class='ocrx_word' id='word_1_99' title='bbox 1300 1644 1396 1760; x_wconf 54' lang='lat' dir='ltr'><strong>petits4</strong></span> 
     </span>
     <span class='ocr_line' id='line_1_13' title="bbox 371 1742 1374 1830; baseline -0.001 -23"><span class='ocrx_word' id='word_1_100' title='bbox 371 1753 404 1807; x_wconf 89' lang='lat' dir='ltr'><strong>et</strong></span> <span class='ocrx_word' id='word_1_101' title='bbox 426 1742 553 1807; x_wconf 89' lang='lat' dir='ltr'><strong>adiutus</strong></span> <span class='ocrx_word' id='word_1_102' title='bbox 570 1743 736 1808; x_wconf 86' lang='lat' dir='ltr'><strong>Hannibal</strong></span> <span class='ocrx_word' id='word_1_103' title='bbox 753 1744 905 1829; x_wconf 89' lang='lat' dir='ltr'><strong>pecunia,</strong></span> <span class='ocrx_word' id='word_1_104' title='bbox 928 1743 1053 1808; x_wconf 86' lang='lat' dir='ltr'><strong>auxiliis</strong></span> <span class='ocrx_word' id='word_1_105' title='bbox 1070 1742 1261 1830; x_wconf 93' lang='lat' dir='ltr'><strong>Philippum</strong></span> <span class='ocrx_word' id='word_1_106' title='bbox 1277 1743 1374 1808; x_wconf 78' lang='lat' dir='ltr'><strong>hostem</strong></span> 
     </span>
     <span class='ocr_line' id='line_1_14' title="bbox 338 1834 1374 1923; baseline -0.003 -19"><span class='ocrx_word' id='word_1_107' title='bbox 338 1857 352 1904; x_wconf 78' lang='lat'><strong>7</strong></span> <span class='ocrx_word' id='word_1_108' title='bbox 370 1836 527 1903; x_wconf 79' lang='lat' dir='ltr'><strong>fecerunt</strong></span> <span class='ocrx_word' id='word_1_109' title='bbox 553 1838 735 1902; x_wconf 87' lang='lat' dir='ltr'><strong>Antiochus</strong></span> <span class='ocrx_word' id='word_1_110' title='bbox 748 1838 818 1923; x_wconf 91' lang='lat' dir='ltr'><strong>ipse</strong></span> <span class='ocrx_word' id='word_1_111' title='bbox 831 1839 915 1903; x_wconf 90' lang='lat' dir='ltr'><strong>ultro</strong></span> <span class='ocrx_word' id='word_1_112' title='bbox 929 1839 971 1902; x_wconf 89' lang='lat' dir='ltr'><strong>ab</strong></span> <span class='ocrx_word' id='word_1_113' title='bbox 979 1838 1105 1903; x_wconf 91' lang='lat' dir='ltr'><strong>Aetolis</strong></span> <span class='ocrx_word' id='word_1_114' title='bbox 1123 1838 1270 1905; x_wconf 90' lang='lat' dir='ltr'><strong>hostibus</strong></span> <span class='ocrx_word' id='word_1_115' title='bbox 1287 1834 1374 1904; x_wconf 79' lang='lat' dir='ltr'><strong>vestris</strong></span> 
     </span>
     <span class='ocr_line' id='line_1_15' title="bbox 372 1927 1373 2010; baseline 0.002 -14"><span class='ocrx_word' id='word_1_116' title='bbox 372 1931 543 1996; x_wconf 89' lang='lat' dir='ltr'><strong>accersitus</strong></span> <span class='ocrx_word' id='word_1_117' title='bbox 558 1955 599 1997; x_wconf 87' lang='lat' dir='ltr'><strong>ex</strong></span> <span class='ocrx_word' id='word_1_118' title='bbox 607 1932 689 1998; x_wconf 91' lang='lat' dir='ltr'><strong>Asia</strong></span> <span class='ocrx_word' id='word_1_119' title='bbox 702 1934 803 1998; x_wconf 89' lang='lat' dir='ltr'><strong>classe</strong></span> <span class='ocrx_word' id='word_1_120' title='bbox 816 1933 851 1998; x_wconf 91' lang='lat' dir='ltr'><strong>in</strong></span> <span class='ocrx_word' id='word_1_121' title='bbox 862 1931 1033 2000; x_wconf 87' lang='lat' dir='ltr'><strong>Graeciam</strong></span> <span class='ocrx_word' id='word_1_122' title='bbox 1046 1933 1179 2010; x_wconf 88' lang='lat' dir='ltr'><strong>traiecit,</strong></span> <span class='ocrx_word' id='word_1_123' title='bbox 1193 1927 1373 2000; x_wconf 69' lang='lat' dir='ltr'><strong>Demetriade</strong></span> 
     </span>
     <span class='ocr_line' id='line_1_16' title="bbox 371 2023 1373 2117; baseline 0.003 -26"><span class='ocrx_word' id='word_1_124' title='bbox 371 2023 567 2092; x_wconf 84' lang='lat' dir='ltr'><strong>etChalcide</strong></span> <span class='ocrx_word' id='word_1_125' title='bbox 585 2039 617 2094; x_wconf 92' lang='lat' dir='ltr'><strong>et</strong></span> <span class='ocrx_word' id='word_1_126' title='bbox 634 2028 718 2094; x_wconf 90' lang='lat' dir='ltr'><strong>saltu</strong></span> <span class='ocrx_word' id='word_1_127' title='bbox 732 2029 1023 2115; x_wconf 88' lang='lat' dir='ltr'><strong>Thermopylarum</strong></span> <span class='ocrx_word' id='word_1_128' title='bbox 1040 2040 1198 2116; x_wconf 89' lang='lat' dir='ltr'><strong>occupato</strong></span> <span class='ocrx_word' id='word_1_129' title='bbox 1216 2030 1257 2096; x_wconf 94' lang='lat' dir='ltr'><strong>de</strong></span> <span class='ocrx_word' id='word_1_130' title='bbox 1274 2047 1373 2117; x_wconf 81' lang='lat' dir='ltr'><strong>posset·</strong></span> 
     </span>
     <span class='ocr_line' id='line_1_17' title="bbox 336 2119 1371 2208; baseline 0.003 -24"><span class='ocrx_word' id='word_1_131' title='bbox 336 2120 460 2192; x_wconf 79' lang='lat' dir='ltr'><strong>ssione</strong></span> <span class='ocrx_word' id='word_1_132' title='bbox 490 2122 615 2208; x_wconf 89' lang='lat' dir='ltr'><strong>imperii</strong></span> <span class='ocrx_word' id='word_1_133' title='bbox 641 2145 699 2187; x_wconf 88' lang='lat' dir='ltr'><strong>vos</strong></span> <span class='ocrx_word' id='word_1_134' title='bbox 727 2124 851 2190; x_wconf 89' lang='lat' dir='ltr'><strong>deicere</strong></span> <span class='ocrx_word' id='word_1_135' title='bbox 878 2136 1021 2190; x_wconf 88' lang='lat' dir='ltr'><strong>conatus.</strong></span> <span class='ocrx_word' id='word_1_136' title='bbox 1074 2147 1148 2189; x_wconf 91' lang='lat' dir='ltr'><strong>cum</strong></span> <span class='ocrx_word' id='word_1_137' title='bbox 1173 2124 1294 2191; x_wconf 91' lang='lat' dir='ltr'><strong>Perseo</strong></span> <span class='ocrx_word' id='word_1_138' title='bbox 1318 2119 1371 2189; x_wconf 84' lang='lat' dir='ltr'><strong>soci</strong></span> 
     </span>
     <span class='ocr_line' id='line_1_18' title="bbox 370 2215 1371 2306; baseline 0.001 -26"><span class='ocrx_word' id='word_1_139' title='bbox 370 2216 467 2281; x_wconf 89' lang='lat' dir='ltr'><strong>vestri</strong></span> <span class='ocrx_word' id='word_1_140' title='bbox 485 2218 670 2304; x_wconf 88' lang='lat' dir='ltr'><strong>oppugnati,</strong></span> <span class='ocrx_word' id='word_1_141' title='bbox 689 2218 743 2283; x_wconf 91' lang='lat' dir='ltr'><strong>alii</strong></span> <span class='ocrx_word' id='word_1_142' title='bbox 762 2217 880 2305; x_wconf 67' lang='lat' dir='ltr'><strong>[eiecti</strong></span> <span class='ocrx_word' id='word_1_143' title='bbox 899 2218 968 2306; x_wconf 89' lang='lat' dir='ltr'><strong>alii]</strong></span> <span class='ocrx_word' id='word_1_144' title='bbox 986 2219 1144 2285; x_wconf 89' lang='lat' dir='ltr'><strong>interfecti</strong></span> <span class='ocrx_word' id='word_1_145' title='bbox 1161 2221 1266 2305; x_wconf 89' lang='lat' dir='ltr'><strong>reguli</strong></span> <span class='ocrx_word' id='word_1_146' title='bbox 1282 2215 1371 2306; x_wconf 87' lang='lat' dir='ltr'><strong>primi·</strong></span> 
     </span>
     <span class='ocr_line' id='line_1_19' title="bbox 370 2313 1370 2400; baseline 0.001 -24"><span class='ocrx_word' id='word_1_147' title='bbox 370 2333 491 2395; x_wconf 90' lang='lat' dir='ltr'><strong>pesque</strong></span> <span class='ocrx_word' id='word_1_148' title='bbox 513 2313 658 2398; x_wconf 85' lang='lat' dir='ltr'><strong>gentium</strong></span> <span class='ocrx_word' id='word_1_149' title='bbox 680 2324 736 2378; x_wconf 89' lang='lat' dir='ltr'><strong>aut</strong></span> <span class='ocrx_word' id='word_1_150' title='bbox 756 2315 949 2400; x_wconf 89' lang='lat' dir='ltr'><strong>populorum</strong></span> <span class='ocrx_word' id='word_1_151' title='bbox 972 2336 1069 2379; x_wconf 90' lang='lat' dir='ltr'><strong>causa</strong></span> <span class='ocrx_word' id='word_1_152' title='bbox 1090 2313 1167 2378; x_wconf 91' lang='lat' dir='ltr'><strong>belli</strong></span> <span class='ocrx_word' id='word_1_153' title='bbox 1190 2314 1281 2379; x_wconf 91' lang='lat' dir='ltr'><strong>vobis</strong></span> <span class='ocrx_word' id='word_1_154' title='bbox 1297 2314 1370 2377; x_wconf 77' lang='lat' dir='ltr'><strong>fuera</strong></span> 
     </span>
    </p>
   </div>
   <div class='ocr_carea' id='block_1_3' title="bbox 220 2401 1370 2514">
    <p class='ocr_par' dir='ltr' id='par_1_3' title="bbox 220 2401 1370 2514">
     <span class='ocr_line' id='line_1_20' title="bbox 220 2401 1370 2514; baseline -0.008 -37"><span class='ocrx_word' id='word_1_155' title='bbox 220 2499 225 2514; x_wconf 75' lang='lat'><strong>,</strong></span> <span class='ocrx_word' id='word_1_156' title='bbox 336 2427 351 2476; x_wconf 83' lang='grc'>9</span> <span class='ocrx_word' id='word_1_157' title='bbox 370 2427 466 2489; x_wconf 90' lang='lat' dir='ltr'><strong>quem</strong></span> <span class='ocrx_word' id='word_1_158' title='bbox 488 2407 618 2473; x_wconf 89' lang='lat' dir='ltr'><strong>tandem</strong></span> <span class='ocrx_word' id='word_1_159' title='bbox 640 2408 768 2473; x_wconf 88' lang='lat' dir='ltr'><strong>titulum</strong></span> <span class='ocrx_word' id='word_1_160' title='bbox 791 2419 902 2472; x_wconf 89' lang='lat' dir='ltr'><strong>nostra</strong></span> <span class='ocrx_word' id='word_1_161' title='bbox 925 2407 1088 2473; x_wconf 88' lang='lat' dir='ltr'><strong>calamitas</strong></span> <span class='ocrx_word' id='word_1_162' title='bbox 1110 2408 1261 2473; x_wconf 87' lang='lat' dir='ltr'><strong>habitura</strong></span> <span class='ocrx_word' id='word_1_163' title='bbox 1282 2401 1370 2482; x_wconf 83' lang='lat' dir='ltr'><strong>est,s&#39;</strong></span> 
     </span>
    </p>
   </div>
   <div class='ocr_carea' id='block_1_4' title="bbox 317 2499 1396 3444">
    <p class='ocr_par' dir='ltr' id='par_1_4' title="bbox 317 2499 1396 3444">
     <span class='ocr_line' id='line_1_21' title="bbox 368 2499 1369 2588; baseline -0.003 -23"><span class='ocrx_word' id='word_1_164' title='bbox 368 2501 501 2587; x_wconf 91' lang='lat' dir='ltr'><strong>perituri</strong></span> <span class='ocrx_word' id='word_1_165' title='bbox 519 2502 649 2567; x_wconf 78' lang='lat' dir='ltr'><strong>sumus?</strong></span> <span class='ocrx_word' id='word_1_166' title='bbox 674 2501 817 2568; x_wconf 88' lang='lat' dir='ltr'><strong>nondum</strong></span> <span class='ocrx_word' id='word_1_167' title='bbox 839 2523 975 2588; x_wconf 83' lang='lat' dir='ltr'><strong>segrego</strong></span> <span class='ocrx_word' id='word_1_168' title='bbox 993 2502 1129 2567; x_wconf 87' lang='lat' dir='ltr'><strong>civitatis</strong></span> <span class='ocrx_word' id='word_1_169' title='bbox 1148 2524 1279 2567; x_wconf 90' lang='lat' dir='ltr'><strong>causam</strong></span> <span class='ocrx_word' id='word_1_170' title='bbox 1296 2499 1369 2567; x_wconf 91' lang='lat' dir='ltr'><strong>aPo·</strong></span> 
     </span>
     <span class='ocr_line' id='line_1_22' title="bbox 368 2561 1396 2704; baseline -0.003 -43"><span class='ocrx_word' id='word_1_171' title='bbox 368 2597 491 2682; x_wconf 89' lang='lat' dir='ltr'><strong>lyarato</strong></span> <span class='ocrx_word' id='word_1_172' title='bbox 515 2609 548 2664; x_wconf 90' lang='lat' dir='ltr'><strong>et</strong></span> <span class='ocrx_word' id='word_1_173' title='bbox 568 2597 714 2674; x_wconf 91' lang='lat' dir='ltr'><strong>Dinone,</strong></span> <span class='ocrx_word' id='word_1_174' title='bbox 742 2596 865 2662; x_wconf 91' lang='lat' dir='ltr'><strong>civibus</strong></span> <span class='ocrx_word' id='word_1_175' title='bbox 886 2597 1012 2674; x_wconf 91' lang='lat' dir='ltr'><strong>nostris,</strong></span> <span class='ocrx_word' id='word_1_176' title='bbox 1039 2608 1070 2662; x_wconf 91' lang='lat' dir='ltr'><strong>et</strong></span> <span class='ocrx_word' id='word_1_177' title='bbox 1094 2596 1144 2673; x_wconf 92' lang='lat' dir='ltr'><strong>iis,</strong></span> <span class='ocrx_word' id='word_1_178' title='bbox 1172 2618 1254 2683; x_wconf 90' lang='lat' dir='ltr'><strong>quos</strong></span> <span class='ocrx_word' id='word_1_179' title='bbox 1277 2608 1310 2661; x_wconf 91' lang='lat' dir='ltr'><strong>ut</strong></span> <span class='ocrx_word' id='word_1_180' title='bbox 1327 2561 1396 2704; x_wconf 46' lang='grc' dir='ltr'><strong>ιτα-1</strong></span> 
     </span>
     <span class='ocr_line' id='line_1_23' title="bbox 369 2687 1369 2776; baseline -0.002 -21"><span class='ocrx_word' id='word_1_181' title='bbox 369 2690 517 2757; x_wconf 91' lang='lat' dir='ltr'><strong>deremus</strong></span> <span class='ocrx_word' id='word_1_182' title='bbox 535 2691 626 2757; x_wconf 87' lang='lat' dir='ltr'><strong>vobis</strong></span> <span class='ocrx_word' id='word_1_183' title='bbox 648 2691 851 2757; x_wconf 86' lang='lat' dir='ltr'><strong>adduximus.</strong></span> <span class='ocrx_word' id='word_1_184' title='bbox 896 2691 923 2756; x_wconf 91' lang='lat' dir='ltr'><strong>si</strong></span> <span class='ocrx_word' id='word_1_185' title='bbox 941 2713 1050 2757; x_wconf 91' lang='lat' dir='ltr'><strong>omnes</strong></span> <span class='ocrx_word' id='word_1_186' title='bbox 1068 2690 1177 2756; x_wconf 81' lang='lat' dir='ltr'><strong>Rhodi</strong></span> <span class='ocrx_word' id='word_1_187' title='bbox 1199 2713 1299 2776; x_wconf 90' lang='lat' dir='ltr'><strong>aeque</strong></span> <span class='ocrx_word' id='word_1_188' title='bbox 1318 2687 1369 2753; x_wconf 81' lang='lat' dir='ltr'><strong>noxi</strong></span> 
     </span>
     <span class='ocr_line' id='line_1_24' title="bbox 317 2757 1395 2870; baseline -0.002 -17"><span class='ocrx_word' id='word_1_189' title='bbox 317 2807 350 2856; x_wconf 96' lang='lat' dir='ltr'><strong>1o</strong></span> <span class='ocrx_word' id='word_1_190' title='bbox 368 2804 520 2863; x_wconf 88' lang='lat' dir='ltr'><strong>essemus,</strong></span> <span class='ocrx_word' id='word_1_191' title='bbox 538 2786 626 2870; x_wconf 92' lang='lat' dir='ltr'><strong>quod</strong></span> <span class='ocrx_word' id='word_1_192' title='bbox 643 2797 788 2852; x_wconf 91' lang='lat' dir='ltr'><strong>nostrum</strong></span> <span class='ocrx_word' id='word_1_193' title='bbox 800 2786 834 2850; x_wconf 92' lang='lat' dir='ltr'><strong>in</strong></span> <span class='ocrx_word' id='word_1_194' title='bbox 852 2786 913 2851; x_wconf 91' lang='lat' dir='ltr'><strong>hoc</strong></span> <span class='ocrx_word' id='word_1_195' title='bbox 931 2786 1015 2851; x_wconf 91' lang='lat' dir='ltr'><strong>bello</strong></span> <span class='ocrx_word' id='word_1_196' title='bbox 1028 2786 1148 2851; x_wconf 68' lang='lat' dir='ltr'><strong>cumen</strong></span> <span class='ocrx_word' id='word_1_197' title='bbox 1162 2788 1267 2853; x_wconf 88' lang='lat' dir='ltr'><strong>esset?</strong></span> <span class='ocrx_word' id='word_1_198' title='bbox 1285 2777 1368 2851; x_wconf 76' lang='lat' dir='ltr'><strong>Pessi</strong></span> <span class='ocrx_word' id='word_1_199' title='bbox 1391 2757 1395 2834; x_wconf 75' lang='lat' dir='ltr'><strong>i</strong></span> 
     </span>
     <span class='ocr_line' id='line_1_25' title="bbox 368 2880 1367 2968; baseline -0.006 -22"><span class='ocrx_word' id='word_1_200' title='bbox 368 2881 512 2966; x_wconf 89' lang='lat' dir='ltr'><strong>partibus</strong></span> <span class='ocrx_word' id='word_1_201' title='bbox 529 2881 678 2959; x_wconf 86' lang='lat' dir='ltr'><strong>favimus,</strong></span> <span class='ocrx_word' id='word_1_202' title='bbox 697 2893 729 2947; x_wconf 92' lang='lat' dir='ltr'><strong>et</strong></span> <span class='ocrx_word' id='word_1_203' title='bbox 746 2882 1016 2965; x_wconf 90' lang='lat' dir='ltr'><strong>quemadmodum</strong></span> <span class='ocrx_word' id='word_1_204' title='bbox 1025 2880 1180 2946; x_wconf 87' lang='lat' dir='ltr'><strong>Antiochi</strong></span> <span class='ocrx_word' id='word_1_205' title='bbox 1193 2880 1367 2968; x_wconf 76' lang='lat' dir='ltr'><strong>Philippique</strong></span> 
     </span>
     <span class='ocr_line' id='line_1_26' title="bbox 368 2969 1367 3064; baseline -0.003 -24"><span class='ocrx_word' id='word_1_206' title='bbox 368 2976 451 3041; x_wconf 89' lang='lat' dir='ltr'><strong>bello</strong></span> <span class='ocrx_word' id='word_1_207' title='bbox 477 2999 536 3063; x_wconf 89' lang='lat' dir='ltr'><strong>pro</strong></span> <span class='ocrx_word' id='word_1_208' title='bbox 559 2975 650 3043; x_wconf 86' lang='lat' dir='ltr'><strong>vobis</strong></span> <span class='ocrx_word' id='word_1_209' title='bbox 677 2978 830 3044; x_wconf 82' lang='lat' dir='ltr'><strong>adversus</strong></span> <span class='ocrx_word' id='word_1_210' title='bbox 851 2999 960 3063; x_wconf 87' lang='lat' dir='ltr'><strong>reges,</strong></span> <span class='ocrx_word' id='word_1_211' title='bbox 987 2977 1033 3041; x_wconf 92' lang='lat' dir='ltr'><strong>sic</strong></span> <span class='ocrx_word' id='word_1_212' title='bbox 1053 2998 1141 3042; x_wconf 90' lang='lat' dir='ltr'><strong>nunc</strong></span> <span class='ocrx_word' id='word_1_213' title='bbox 1161 2999 1222 3063; x_wconf 88' lang='lat' dir='ltr'><strong>pro</strong></span> <span class='ocrx_word' id='word_1_214' title='bbox 1243 2999 1315 3064; x_wconf 90' lang='lat' dir='ltr'><strong>rege</strong></span> <span class='ocrx_word' id='word_1_215' title='bbox 1331 2969 1367 3037; x_wconf 85' lang='lat' dir='ltr'><strong>sd·</strong></span> 
     </span>
     <span class='ocr_line' id='line_1_27' title="bbox 318 3067 1365 3157; baseline -0.001 -20"><span class='ocrx_word' id='word_1_216' title='bbox 318 3090 348 3138; x_wconf 89' lang='lat'><strong>11</strong></span> <span class='ocrx_word' id='word_1_217' title='bbox 368 3095 478 3139; x_wconf 91' lang='lat' dir='ltr'><strong>versus</strong></span> <span class='ocrx_word' id='word_1_218' title='bbox 509 3094 567 3137; x_wconf 86' lang='lat' dir='ltr'><strong>vos</strong></span> <span class='ocrx_word' id='word_1_219' title='bbox 597 3073 753 3138; x_wconf 90' lang='lat' dir='ltr'><strong>stetimus.</strong></span> <span class='ocrx_word' id='word_1_220' title='bbox 806 3072 1076 3157; x_wconf 88' lang='lat' dir='ltr'><strong>quemadmodum</strong></span> <span class='ocrx_word' id='word_1_221' title='bbox 1107 3073 1269 3138; x_wconf 89' lang='lat' dir='ltr'><strong>soleamus</strong></span> <span class='ocrx_word' id='word_1_222' title='bbox 1293 3067 1365 3136; x_wconf 71' lang='lat' dir='ltr'><strong>sodot</strong></span> 
     </span>
     <span class='ocr_line' id='line_1_28' title="bbox 366 3158 1382 3253; baseline -0.001 -21"><span class='ocrx_word' id='word_1_223' title='bbox 366 3167 476 3233; x_wconf 86' lang='lat' dir='ltr'><strong>iuvare</strong></span> <span class='ocrx_word' id='word_1_224' title='bbox 499 3178 529 3233; x_wconf 93' lang='lat' dir='ltr'><strong>et</strong></span> <span class='ocrx_word' id='word_1_225' title='bbox 552 3189 649 3251; x_wconf 92' lang='lat' dir='ltr'><strong>quam</strong></span> <span class='ocrx_word' id='word_1_226' title='bbox 671 3167 797 3253; x_wconf 85' lang='lat' dir='ltr'><strong>inpigre</strong></span> <span class='ocrx_word' id='word_1_227' title='bbox 816 3188 982 3253; x_wconf 90' lang='lat' dir='ltr'><strong>capessere</strong></span> <span class='ocrx_word' id='word_1_228' title='bbox 1005 3166 1103 3243; x_wconf 91' lang='lat' dir='ltr'><strong>bella,</strong></span> <span class='ocrx_word' id='word_1_229' title='bbox 1128 3163 1167 3232; x_wconf 83' lang='lat'><strong>0.</strong></span> <span class='ocrx_word' id='word_1_230' title='bbox 1186 3166 1325 3241; x_wconf 90' lang='lat' dir='ltr'><strong>Livium,</strong></span> <span class='ocrx_word' id='word_1_231' title='bbox 1339 3158 1382 3240; x_wconf 61' lang='lat'><strong>1⁴,</strong></span> 
     </span>
     <span class='ocr_line' id='line_1_29' title="bbox 366 3254 1365 3350; baseline -0.002 -23"><span class='ocrx_word' id='word_1_232' title='bbox 366 3263 542 3328; x_wconf 89' lang='lat' dir='ltr'><strong>Aemilium</strong></span> <span class='ocrx_word' id='word_1_233' title='bbox 559 3262 723 3350; x_wconf 78' lang='lat' dir='ltr'><strong>Regillum</strong></span> <span class='ocrx_word' id='word_1_234' title='bbox 743 3262 953 3347; x_wconf 91' lang='lat' dir='ltr'><strong>interrogate,</strong></span> <span class='ocrx_word' id='word_1_235' title='bbox 981 3261 1037 3345; x_wconf 90' lang='lat' dir='ltr'><strong>qui</strong></span> <span class='ocrx_word' id='word_1_236' title='bbox 1054 3261 1212 3327; x_wconf 91' lang='lat' dir='ltr'><strong>classibus</strong></span> <span class='ocrx_word' id='word_1_237' title='bbox 1234 3254 1365 3327; x_wconf 78' lang='lat' dir='ltr'><strong>vestr&#39;sir</strong></span> 
     </span>
     <span class='ocr_line' id='line_1_30' title="bbox 366 3357 1364 3444; baseline -0.004 -24"><span class='ocrx_word' id='word_1_238' title='bbox 366 3357 449 3421; x_wconf 89' lang='lat' dir='ltr'><strong>Asia</strong></span> <span class='ocrx_word' id='word_1_239' title='bbox 473 3358 691 3443; x_wconf 89' lang='lat' dir='ltr'><strong>praefuerunt.</strong></span> <span class='ocrx_word' id='word_1_240' title='bbox 735 3377 912 3441; x_wconf 90' lang='lat' dir='ltr'><strong>numquam</strong></span> <span class='ocrx_word' id='word_1_241' title='bbox 934 3367 1058 3422; x_wconf 87' lang='lat' dir='ltr'><strong>vestrae</strong></span> <span class='ocrx_word' id='word_1_242' title='bbox 1083 3379 1184 3422; x_wconf 86' lang='lat' dir='ltr'><strong>naves</strong></span> <span class='ocrx_word' id='word_1_243' title='bbox 1211 3367 1364 3444; x_wconf 72' lang='lat' dir='ltr'><strong>pugnarat</strong></span> 
     </span>
    </p>
   </div>
   <div class='ocr_carea' id='block_1_5' title="bbox 228 3447 1364 3538">
    <p class='ocr_par' dir='ltr' id='par_1_5' title="bbox 228 3447 1364 3538">
     <span class='ocr_line' id='line_1_31' title="bbox 228 3447 1364 3538; baseline 0.003 -23"><span class='ocrx_word' id='word_1_244' title='bbox 228 3447 231 3452; x_wconf 73' lang='grc'><strong>’</strong></span> <span class='ocrx_word' id='word_1_245' title='bbox 317 3468 348 3515; x_wconf 86' lang='lat'><strong>12</strong></span> <span class='ocrx_word' id='word_1_246' title='bbox 368 3451 435 3515; x_wconf 91' lang='lat' dir='ltr'><strong>sine</strong></span> <span class='ocrx_word' id='word_1_247' title='bbox 452 3451 555 3517; x_wconf 91' lang='lat' dir='ltr'><strong>nobis.</strong></span> <span class='ocrx_word' id='word_1_248' title='bbox 595 3464 705 3518; x_wconf 88' lang='lat' dir='ltr'><strong>nostra</strong></span> <span class='ocrx_word' id='word_1_249' title='bbox 723 3452 823 3518; x_wconf 87' lang='lat' dir='ltr'><strong>classe</strong></span> <span class='ocrx_word' id='word_1_250' title='bbox 840 3452 1055 3538; x_wconf 88' lang='lat' dir='ltr'><strong>pugnavimus</strong></span> <span class='ocrx_word' id='word_1_251' title='bbox 1073 3452 1172 3517; x_wconf 92' lang='lat' dir='ltr'><strong>semel</strong></span> <span class='ocrx_word' id='word_1_252' title='bbox 1191 3452 1234 3517; x_wconf 88' lang='lat' dir='ltr'><strong>ad</strong></span> <span class='ocrx_word' id='word_1_253' title='bbox 1252 3450 1364 3519; x_wconf 78' lang='lat' dir='ltr'><strong>samm</strong></span> 
     </span>
    </p>
   </div>
   <div class='ocr_carea' id='block_1_6' title="bbox 228 4485 267 4545">
    <p class='ocr_par' dir='ltr' id='par_1_6' title="bbox 228 4485 267 4545">
     <span class='ocr_line' id='line_1_32' title="bbox 228 4485 267 4545; baseline 0 0"><span class='ocrx_word' id='word_1_254' title='bbox 228 4485 267 4545; x_wconf 59' lang='lat' dir='ltr'>b</span> 
     </span>
    </p>
   </div>
   <div class='ocr_carea' id='block_1_7' title="bbox 316 3545 1373 4277">
    <p class='ocr_par' dir='ltr' id='par_1_7' title="bbox 366 3545 1364 3633">
     <span class='ocr_line' id='line_1_33' title="bbox 366 3545 1364 3633; baseline 0.001 -24"><span class='ocrx_word' id='word_1_255' title='bbox 366 3546 482 3610; x_wconf 86' lang='lat' dir='ltr'><strong>iterum</strong></span> <span class='ocrx_word' id='word_1_256' title='bbox 498 3547 533 3610; x_wconf 92' lang='lat' dir='ltr'><strong>in</strong></span> <span class='ocrx_word' id='word_1_257' title='bbox 549 3546 743 3632; x_wconf 88' lang='lat' dir='ltr'><strong>Pamphylia</strong></span> <span class='ocrx_word' id='word_1_258' title='bbox 760 3546 914 3613; x_wconf 87' lang='lat' dir='ltr'><strong>adversus</strong></span> <span class='ocrx_word' id='word_1_259' title='bbox 931 3545 1149 3611; x_wconf 89' lang='lat' dir='ltr'><strong>Hannibalem</strong></span> <span class='ocrx_word' id='word_1_260' title='bbox 1172 3545 1364 3633; x_wconf 78' lang='lat' dir='ltr'><strong>inperatorea</strong></span> 
     </span>
    </p>

    <p class='ocr_par' dir='ltr' id='par_1_8' title="bbox 317 3633 1369 4014">
     <span class='ocr_line' id='line_1_34' title="bbox 317 3633 1366 3728; baseline -0.004 -22"><span class='ocrx_word' id='word_1_261' title='bbox 317 3658 349 3706; x_wconf 76' lang='lat'><strong>13</strong></span> <span class='ocrx_word' id='word_1_262' title='bbox 367 3662 450 3724; x_wconf 90' lang='lat' dir='ltr'><strong>quae</strong></span> <span class='ocrx_word' id='word_1_263' title='bbox 472 3640 605 3706; x_wconf 86' lang='lat' dir='ltr'><strong>victoria</strong></span> <span class='ocrx_word' id='word_1_264' title='bbox 627 3642 719 3706; x_wconf 88' lang='lat' dir='ltr'><strong>nobis</strong></span> <span class='ocrx_word' id='word_1_265' title='bbox 742 3663 780 3707; x_wconf 97' lang='lat' dir='ltr'><strong>eo</strong></span> <span class='ocrx_word' id='word_1_266' title='bbox 801 3639 970 3728; x_wconf 89' lang='lat' dir='ltr'><strong>gloriosior</strong></span> <span class='ocrx_word' id='word_1_267' title='bbox 993 3650 1056 3716; x_wconf 87' lang='lat' dir='ltr'><strong>est,</strong></span> <span class='ocrx_word' id='word_1_268' title='bbox 1079 3641 1260 3723; x_wconf 90' lang='lat' dir='ltr'><strong>quodcum</strong></span> <span class='ocrx_word' id='word_1_269' title='bbox 1277 3639 1313 3706; x_wconf 86' lang='lat' dir='ltr'><strong>ad</strong></span> <span class='ocrx_word' id='word_1_270' title='bbox 1328 3633 1366 3702; x_wconf 71' lang='lat' dir='ltr'><strong>se</strong></span> 
     </span>
     <span class='ocr_line' id='line_1_35' title="bbox 366 3733 1366 3822; baseline 0.004 -23"><span class='ocrx_word' id='word_1_271' title='bbox 366 3758 455 3799; x_wconf 93' lang='lat' dir='ltr'><strong>mum</strong></span> <span class='ocrx_word' id='word_1_272' title='bbox 469 3758 620 3822; x_wconf 90' lang='lat' dir='ltr'><strong>magnam</strong></span> <span class='ocrx_word' id='word_1_273' title='bbox 633 3747 758 3822; x_wconf 89' lang='lat' dir='ltr'><strong>partem</strong></span> <span class='ocrx_word' id='word_1_274' title='bbox 767 3735 899 3802; x_wconf 89' lang='lat' dir='ltr'><strong>navium</strong></span> <span class='ocrx_word' id='word_1_275' title='bbox 911 3735 1048 3801; x_wconf 88' lang='lat' dir='ltr'><strong>adversa</strong></span> <span class='ocrx_word' id='word_1_276' title='bbox 1060 3757 1172 3821; x_wconf 88' lang='lat' dir='ltr'><strong>pugna</strong></span> <span class='ocrx_word' id='word_1_277' title='bbox 1187 3746 1220 3801; x_wconf 94' lang='lat' dir='ltr'><strong>et</strong></span> <span class='ocrx_word' id='word_1_278' title='bbox 1234 3733 1366 3822; x_wconf 64' lang='lat' dir='ltr'><strong>egregiffl</strong></span> 
     </span>
     <span class='ocr_line' id='line_1_36' title="bbox 366 3817 1367 3914; baseline 0.001 -21"><span class='ocrx_word' id='word_1_279' title='bbox 366 3829 564 3896; x_wconf 87' lang='lat' dir='ltr'><strong>iuventutem</strong></span> <span class='ocrx_word' id='word_1_280' title='bbox 585 3830 817 3907; x_wconf 90' lang='lat' dir='ltr'><strong>amisissemus,</strong></span> <span class='ocrx_word' id='word_1_281' title='bbox 843 3840 996 3896; x_wconf 87' lang='lat' dir='ltr'><strong>natanta</strong></span> <span class='ocrx_word' id='word_1_282' title='bbox 1023 3828 1154 3914; x_wconf 90' lang='lat' dir='ltr'><strong>quidem</strong></span> <span class='ocrx_word' id='word_1_283' title='bbox 1177 3830 1270 3896; x_wconf 88' lang='lat' dir='ltr'><strong>clade</strong></span> <span class='ocrx_word' id='word_1_284' title='bbox 1294 3817 1367 3894; x_wconf 78' lang='lat' dir='ltr'><strong>terrlfi</strong></span> 
     </span>
     <span class='ocr_line' id='line_1_37' title="bbox 365 3917 1369 4014; baseline -0.003 -25"><span class='ocrx_word' id='word_1_285' title='bbox 365 3924 481 3991; x_wconf 90' lang='lat' dir='ltr'><strong>iterum</strong></span> <span class='ocrx_word' id='word_1_286' title='bbox 504 3925 575 3993; x_wconf 90' lang='lat' dir='ltr'><strong>ausi</strong></span> <span class='ocrx_word' id='word_1_287' title='bbox 592 3922 734 4014; x_wconf 88' lang='lat' dir='ltr'><strong>[sumus]</strong></span> <span class='ocrx_word' id='word_1_288' title='bbox 756 3922 866 4011; x_wconf 86' lang='lat' dir='ltr'><strong>regiae</strong></span> <span class='ocrx_word' id='word_1_289' title='bbox 887 3923 982 3992; x_wconf 89' lang='lat' dir='ltr'><strong>classi</strong></span> <span class='ocrx_word' id='word_1_290' title='bbox 999 3946 1041 3990; x_wconf 86' lang='lat' dir='ltr'><strong>ex</strong></span> <span class='ocrx_word' id='word_1_291' title='bbox 1058 3921 1155 4010; x_wconf 80' lang='lat' dir='ltr'><strong>Syria</strong></span> <span class='ocrx_word' id='word_1_292' title='bbox 1175 3923 1315 3991; x_wconf 85' lang='lat' dir='ltr'><strong>venienti</strong></span> <span class='ocrx_word' id='word_1_293' title='bbox 1333 3917 1369 3986; x_wconf 82' lang='lat' dir='ltr'><strong>olr</strong></span> 
     </span>
    </p>

    <p class='ocr_par' dir='ltr' id='par_1_9' title="bbox 316 4014 1373 4277">
     <span class='ocr_line' id='line_1_38' title="bbox 316 4014 1371 4106; baseline 0 -22"><span class='ocrx_word' id='word_1_294' title='bbox 316 4038 348 4085; x_wconf 86' lang='lat'><strong>14</strong></span> <span class='ocrx_word' id='word_1_295' title='bbox 366 4020 451 4085; x_wconf 90' lang='lat' dir='ltr'><strong>viam</strong></span> <span class='ocrx_word' id='word_1_296' title='bbox 468 4020 527 4086; x_wconf 89' lang='lat' dir='ltr'><strong>ire.</strong></span> <span class='ocrx_word' id='word_1_297' title='bbox 552 4021 632 4087; x_wconf 90' lang='lat' dir='ltr'><strong>haec</strong></span> <span class='ocrx_word' id='word_1_298' title='bbox 649 4042 714 4086; x_wconf 88' lang='lat' dir='ltr'><strong>non</strong></span> <span class='ocrx_word' id='word_1_299' title='bbox 731 4019 891 4106; x_wconf 84' lang='lat' dir='ltr'><strong>gloriandi</strong></span> <span class='ocrx_word' id='word_1_300' title='bbox 908 4042 1007 4086; x_wconf 88' lang='lat' dir='ltr'><strong>causa</strong></span> <span class='ocrx_word' id='word_1_301' title='bbox 1022 4018 1297 4104; x_wconf 88' lang='lat' dir='ltr'><strong>rettuli-neque</strong></span> <span class='ocrx_word' id='word_1_302' title='bbox 1310 4014 1371 4084; x_wconf 77' lang='lat' dir='ltr'><strong>em</strong></span> 
     </span>
     <span class='ocr_line' id='line_1_39' title="bbox 365 4114 1373 4198; baseline -0.004 -17"><span class='ocrx_word' id='word_1_303' title='bbox 365 4138 405 4181; x_wconf 88' lang='lat' dir='ltr'><strong>ea</strong></span> <span class='ocrx_word' id='word_1_304' title='bbox 419 4136 508 4181; x_wconf 91' lang='lat' dir='ltr'><strong>nuno</strong></span> <span class='ocrx_word' id='word_1_305' title='bbox 523 4123 632 4180; x_wconf 89' lang='lat' dir='ltr'><strong>nostra</strong></span> <span class='ocrx_word' id='word_1_306' title='bbox 649 4124 698 4182; x_wconf 90' lang='lat' dir='ltr'><strong>est</strong></span> <span class='ocrx_word' id='word_1_307' title='bbox 714 4115 843 4182; x_wconf 89' lang='lat' dir='ltr'><strong>fortuna</strong></span> <span class='ocrx_word' id='word_1_308' title='bbox 858 4150 916 4193; x_wconf 88' lang='lat'><strong>-,</strong></span> <span class='ocrx_word' id='word_1_309' title='bbox 935 4116 991 4181; x_wconf 90' lang='lat' dir='ltr'><strong>sed</strong></span> <span class='ocrx_word' id='word_1_310' title='bbox 1008 4125 1045 4180; x_wconf 89' lang='lat' dir='ltr'><strong>ut</strong></span> <span class='ocrx_word' id='word_1_311' title='bbox 1061 4114 1279 4194; x_wconf 84' lang='lat' dir='ltr'><strong>admonerem,</strong></span> <span class='ocrx_word' id='word_1_312' title='bbox 1300 4127 1373 4198; x_wconf 78' lang='lat' dir='ltr'><strong>queo</strong></span> 
     </span>
     <span class='ocr_line' id='line_1_40' title="bbox 366 4207 1150 4277; baseline -0.001 -3"><span class='ocrx_word' id='word_1_313' title='bbox 366 4209 556 4276; x_wconf 89' lang='lat' dir='ltr'><strong>admodum</strong></span> <span class='ocrx_word' id='word_1_314' title='bbox 574 4209 726 4277; x_wconf 89' lang='lat' dir='ltr'><strong>adiuvare</strong></span> <span class='ocrx_word' id='word_1_315' title='bbox 745 4210 848 4276; x_wconf 87' lang='lat' dir='ltr'><strong>socios</strong></span> <span class='ocrx_word' id='word_1_316' title='bbox 866 4210 1004 4275; x_wconf 89' lang='lat' dir='ltr'><strong>solerent</strong></span> <span class='ocrx_word' id='word_1_317' title='bbox 1020 4207 1150 4275; x_wconf 87' lang='lat' dir='ltr'><strong>Rhodii.</strong></span> 
     </span>
    </p>
   </div>
   <div class='ocr_carea' id='block_1_8' title="bbox 332 4297 1378 4393">
    <p class='ocr_par' dir='ltr' id='par_1_10' title="bbox 332 4297 1378 4393">
     <span class='ocr_line' id='line_1_41' title="bbox 332 4297 1378 4393; baseline 0.003 -25"><span class='ocrx_word' id='word_1_318' title='bbox 332 4322 347 4368; x_wconf 88' lang='lat'>1</span> <span class='ocrx_word' id='word_1_319' title='bbox 430 4302 567 4374; x_wconf 87' lang='lat' dir='ltr'>XXIII.</span> <span class='ocrx_word' id='word_1_320' title='bbox 593 4304 744 4372; x_wconf 89' lang='lat' dir='ltr'><strong>Praemia</strong></span> <span class='ocrx_word' id='word_1_321' title='bbox 765 4317 798 4372; x_wconf 87' lang='lat' dir='ltr'><strong>ct</strong></span> <span class='ocrx_word' id='word_1_322' title='bbox 821 4303 989 4393; x_wconf 88' lang='lat' dir='ltr'><strong>[Philippo</strong></span> <span class='ocrx_word' id='word_1_323' title='bbox 1007 4301 1054 4392; x_wconf 89' lang='lat' dir='ltr'><strong>et]</strong></span> <span class='ocrx_word' id='word_1_324' title='bbox 1077 4304 1245 4373; x_wconf 84' lang='lat' dir='ltr'><strong>Antiocho</strong></span> <span class='ocrx_word' id='word_1_325' title='bbox 1268 4297 1378 4372; x_wconf 71' lang='lat' dir='ltr'><strong>donch</strong></span> 
     </span>
    </p>
   </div>
   <div class='ocr_carea' id='block_1_9' title="bbox 0 0 1684 5092">
    <p class='ocr_par' dir='ltr' id='par_1_11' title="bbox 0 0 1684 5092">
     <span class='ocr_line' id='line_1_42' title="bbox 0 0 1684 5092; baseline 0 1"><span class='ocrx_word' id='word_1_326' title='bbox 0 0 1684 5092; x_wconf 95' lang='lat' dir='ltr'><strong> </strong></span> 
     </span>
    </p>
   </div>
  </div>
 </body>
</html>
