3359 5092
348 545 410 612 168
539 553 657 611 LIBER
673 553 830 624 XXXXV,
850 553 892 608 19.
907 553 950 607 20.
971 555 1009 621 [a.
1019 569 1045 606 ιι.
1056 568 1081 607 c.
1091 550 1157 620 587]

346 717 456 783 fuisse.
500 713 558 779 sed
576 713 737 778 enimvero
755 733 829 777 cum
848 710 1043 777 detestabilis
1062 710 1162 775 altera
1180 731 1231 775 res
1250 720 1283 775 et
1305 733 1367 797 pro·
1395 779 1399 800 ἦ

347 810 435 875 xima
451 807 621 896 parricidio
639 809 695 885 sit,
718 805 796 891 quid
814 804 856 871 ad
874 805 1135 872 deliberationem
1159 804 1250 870 dubii
1269 828 1366 893 super
1396 815 1399 836 ¹

297 927 329 976 ιι
348 905 437 971 esse?
458 915 567 969 utrum
581 902 667 969 enim
683 913 808 989 partem
820 901 913 989 regni
929 901 1105 988 petiturum
1119 922 1200 977 esse,
1219 923 1261 965 an
1275 911 1363 966 totum
1392 839 1399 974 l

348 999 551 1086 erepturum?
577 998 606 1062 si
626 1009 766 1084 partem,
789 998 884 1063 ambo
908 997 1051 1062 infirmos
1073 996 1233 1064 distractis
1256 997 1362 1062 viribus
1386 993 1399 1078 l

348 1105 380 1160 et
397 1095 544 1159 omnibus
561 1092 684 1158 iniuriis
702 1089 924 1180 pro[hrisque]
943 1090 1097 1157 obnoxios
1116 1091 1201 1170 fore3
1220 1094 1248 1159 si
1265 1105 1361 1168 totum,

346 1189 548 1275 privatumne
568 1209 644 1274 ergo
659 1187 812 1252 maiorem
830 1188 973 1266 fratrem,
992 1208 1034 1253 an
1047 1186 1176 1253 exulem
1193 1188 1249 1253 illa
1263 1198 1360 1263 aetate,

346 1283 401 1348 illa
419 1282 559 1369 corporis
572 1281 755 1347 infirmitate
771 1278 857 1369 [esse
870 1279 1066 1368 passurum],
1085 1305 1125 1346 an
1142 1280 1214 1369 [ad]
1230 1281 1360 1348 ultimum

298 1398 329 1447 ιι
347 1378 429 1443 mori
445 1377 628 1442 iussurum?
655 1376 822 1462 egregium
840 1377 939 1454 enim,
962 1387 998 1441 ut
1020 1376 1138 1442 fabulis
1161 1378 1296 1443 traditus
1315 1376 1360 1440 im·

347 1472 473 1559 piorum
494 1470 630 1536 fratrum
654 1482 787 1536 eventus
804 1481 962 1547 taceatur,
986 1471 1098 1537 Persei
1121 1471 1245 1536 exitum
1266 1469 1358 1546 videri,

347 1567 403 1651 qui
421 1589 461 1633 ex
482 1565 623 1632 fraterna
641 1565 738 1631 caede
756 1575 884 1650 raptum
907 1565 1054 1631 diadema
1071 1566 1104 1630 in
1123 1567 1245 1653 templo
1265 1564 1359 1632 Samo-

348 1661 508 1737 thracum,
535 1662 623 1726 velut
644 1659 865 1746 praesentibus
888 1660 936 1725 dis
955 1659 1156 1747 exigentibus
1175 1683 1307 1747 poenas,
1329 1657 1359 1724 ad

299 1776 330 1824 ιι
348 1755 447 1842 pedes
465 1755 594 1821 victoris
612 1754 712 1819 hostis
730 1765 907 1840 prostratus
924 1756 1076 1842 posuerit
1121 1777 1177 1822 eos
1199 1757 1298 1843 ipsos,
1318 1752 1358 1839 qui

347 1874 413 1916 non
429 1850 475 1916 illi
492 1850 601 1928 amici,
624 1850 681 1915 sed
698 1849 837 1916 Eumeni
858 1851 966 1917 infesti
984 1852 1148 1917 stimulent
1166 1875 1256 1930 eum,
1278 1851 1358 1939 pieta-

347 1957 413 2013 tem
431 1947 705 2031 oonstantiamque
722 1947 918 2025 laudaturos,
937 1947 964 2012 si
980 1947 1078 2014 fidem
1092 1948 1134 2013 ad
1147 1947 1295 2013 ultimum
1310 1945 1358 2011 fiu-

348 2042 388 2107 tri
405 2043 625 2129 praestitisset.

316 2159 330 2205 1
412 2136 496 2201 XX.
522 2137 615 2201 Haeo
632 2137 704 2223 plus
722 2137 852 2203 valuere
868 2137 902 2203 in
920 2138 1024 2203 Attali
1042 2138 1157 2203 animo.
1203 2138 1309 2222 itaque
1322 2135 1357 2200 in·

349 2232 514 2297 troductus
536 2231 571 2297 in
593 2242 754 2308 senatum,
776 2233 955 2318 gratulatus
977 2232 1142 2298 victoriam
1161 2244 1211 2298 est
1234 2230 1293 2320 [et]
1315 2251 1357 2296 ιιι

350 2326 463 2393 merita
482 2349 519 2393 eo
537 2327 622 2393 bello
640 2328 822 2412 fratrisque,
841 2328 951 2413 siqua
969 2338 1068 2405 erant,
1085 2338 1118 2393 et
1136 2326 1304 2394 Gallorum
1318 2325 1357 2390 de·

348 2421 519 2488 sectionem
524 2469 533 2499 ,
551 2444 634 2508 quae
651 2443 754 2508 nuper
770 2422 893 2508 ingenti
910 2432 1000 2487 motu
1016 2422 1102 2487 facta
1119 2434 1199 2501 erat,
1217 2419 1356 2509 exposuit

315 2517 453 2604 apetiit,
475 2527 512 2581 ut
528 2517 652 2603 legatos
670 2518 809 2582 mitteret
827 2516 870 2582 ad
887 2539 956 2594 eos,
974 2538 1111 2601 quorum
1129 2511 1355 2582 auctoritatesb

349 2613 445 2678 armis
459 2623 678 2678 avocarentur.
705 2611 754 2677 his
772 2634 830 2699 pro
844 2612 936 2699 regni
953 2613 1087 2679 utilitate
1103 2612 1197 2678 editis
1210 2608 1354 2684 mandatis

315 2726 331 2773 ι
349 2707 480 2772 Aenum
498 2706 559 2771 sibi
577 2717 609 2773 et
625 2707 816 2772 Maroneam
833 2707 934 2793 petiit.
959 2707 1005 2771 ita
1018 2706 1170 2773 destituta
1184 2730 1293 2774 eorum
1308 2723 1355 2791 spa

349 2802 405 2885 qui
421 2800 520 2866 fratre
542 2814 691 2867 accusato
709 2803 912 2888 partitionem
929 2803 1021 2888 regni
1043 2803 1219 2890 petiturum
1237 2801 1354 2869 credide

349 2904 436 2970 rant,
463 2894 585 2960 curiam
607 2896 752 2961 excessit.
796 2907 833 2962 ut
854 2919 926 2961 raro
949 2897 1026 2961 alias
1049 2897 1222 2982 quisquam
1244 2920 1298 2964 rex
1317 2903 1353 2960 aut

349 2989 508 3075 privatus,
530 2999 619 3055 tanto
637 2989 747 3056 favore
766 3001 920 3076 tantoque
938 2992 1081 3057 omnium
1099 2992 1239 3059 adsensu
1257 3003 1302 3059 est
1315 3007 1353 3055 ιιι·

350 3085 451 3150 ditus:
475 3085 624 3150 omnibus
647 3085 821 3152 honoribus
839 3086 1089 3171 muneribusque
1107 3099 1139 3153 et
1160 3109 1308 3175 praesens
1321 3089 1351 3149 etl

350 3181 454 3247 cultus
473 3192 505 3247 et
521 3181 775 3268 proficiscentem
791 3183 952 3268 prosecuti
970 3194 1054 3248 sunt.

314 3296 332 3343 4
412 3277 502 3342 Iuter
514 3277 631 3342 multas
645 3276 746 3343 Asiae
756 3275 977 3362 Graeciaeque
990 3278 1166 3364 legationes
1180 3279 1352 3345 Rhodiorum

228 3385 234 3398 “
315 3389 330 3437 5
348 3370 487 3434 maxime
510 3371 607 3456 legati
630 3372 791 3437 civitatem
810 3384 1043 3438 convertemmt.
1089 3396 1166 3438 nam
1185 3397 1259 3440 cum
1275 3371 1351 3460 prim

348 3463 383 3527 in
400 3475 489 3529 veste
508 3464 644 3529 candida
661 3466 721 3531 visi
735 3477 851 3545 essent,
870 3467 957 3551 quod
975 3478 1007 3533 et
1023 3468 1216 3554 gratulantis
1235 3466 1351 3538 decebat

350 3568 382 3621 et
397 3556 424 3621 si
438 3557 599 3622 sordidam
608 3571 730 3625 vestem
743 3559 940 3640 habuissent,
954 3562 1134 3649 lugentium
1143 3561 1257 3629 Persei
1268 3575 1352 3629 casum

317 3673 331 3718 o
350 3651 503 3736 praebere
517 3653 656 3738 speciem
668 3664 824 3740 poterant,
838 3666 1010 3742 postquam
1023 3657 1160 3722 consulti
1175 3658 1217 3723 ab
1226 3658 1274 3723 M.
1283 3649 1351 3721 Iuno

350 3746 480 3812 consule
505 3761 611 3833 patres
638 3749 796 3814 stantibus
826 3750 861 3815 in
884 3750 1010 3816 comitio
1037 3753 1165 3839 legatis,
1194 3777 1237 3819 an
1261 3753 1352 3820 locun

348 3840 448 3905 lautia
465 3853 674 3928 senatumque
692 3845 814 3922 darent,
832 3845 956 3911 nullum
973 3846 1131 3934 hospitale
1148 3847 1199 3913 ius
1217 3849 1354 3914 inisero

316 3935 542 4002 rservandum
568 3949 773 4017 censuerunt,
806 3961 953 4026 egressus
980 3964 999 4006 e
1025 3942 1114 4007 ouria
1146 3944 1272 4021 consul,
1301 3956 1355 4007 oum

349 4030 457 4096 Rhodi
481 4033 678 4118 gratulatum
702 4055 736 4099 se
759 4033 799 4099 de
822 4035 955 4100 victoria
976 4047 1216 4124 purgatumque
1243 4031 1356 4103 civitati

350 4124 483 4192 crimina
504 4127 644 4192 dicentes
668 4128 792 4193 venisse
809 4129 978 4215 petissent,
1001 4143 1038 4196 ut
1060 4142 1191 4197 senatus
1210 4133 1271 4198 sibi
1287 4132 1358 4196 dart·

316 4229 415 4296 stur,
442 4221 640 4306 pronuntiat,
668 4223 761 4288 sociis
783 4235 816 4289 et
842 4225 952 4290 amicis
979 4237 1012 4292 et
1037 4227 1100 4291 alia
1127 4228 1262 4293 comiter
1282 4238 1359 4310 atque

349 4314 547 4400 hospitaliter
561 4329 724 4405 praestare
733 4319 896 4386 Romanos
907 4331 938 4387 et
948 4333 1095 4388 senatum
1105 4323 1182 4389 dare
1193 4339 1360 4391 consuesse:
