3359 5092
341 523 362 593 8
572 533 690 591 LIBER
707 533 852 603 XXXXI,
870 533 936 588 8.9.
956 531 1139 602 [aneon]

268 726 272 734 ⁴
342 698 442 786 legati
460 695 650 770 Sardorum,
678 693 733 777 qui
755 691 797 756 ad
814 712 915 756 novos
933 690 1137 776 magistratus
1160 689 1250 756 dilati
1273 701 1360 766 erant,
1384 723 1387 728 ·

343 794 386 859 L.
408 791 572 858 Minucius
595 788 770 863 Thermus,
799 786 855 871 qui
880 786 1006 873 legatus
1031 785 1149 850 Manlii
1174 786 1313 851 consulis
1334 786 1360 850 in
1403 803 1404 810 ¹

343 889 470 954 Histria
486 886 605 962 fuerat,
621 884 656 948 in
672 894 820 949 senatum
836 880 935 947 venit.
979 880 1021 944 ab
1038 880 1088 945 his
1106 880 1239 947 edoctus
1258 891 1359 946 estse

343 995 449 1060 natus,
467 991 622 1067 quantum
640 977 717 1044 belli
734 999 791 1043 eae
808 975 992 1062 provinciae
1008 974 1172 1044 haberent.
1400 1050 1402 1054 ¹

313 1098 327 1145 o
409 1077 586 1142 Moverunt
603 1084 750 1140 senatum
767 1083 799 1137 et
815 1071 993 1157 legationes
1012 1071 1133 1135 socium
1150 1070 1288 1136 nominis
1305 1069 1359 1135 Ia·
1382 1101 1405 1128 ·t

344 1173 417 1251 tini,
443 1194 526 1257 quae
551 1181 583 1236 et
609 1189 756 1235 censores
778 1177 811 1231 et
835 1165 957 1253 priores
980 1165 1126 1231 consules
1147 1165 1359 1252 fatigaverant,
1399 1197 1402 1208 ·

313 1288 326 1333 r
345 1267 476 1334 tandem
488 1257 523 1331 in
537 1275 684 1331 senatum
696 1260 906 1327 introductae.
929 1282 1054 1325 summa
1067 1260 1284 1344 querellarum
1296 1269 1359 1336 erat,

347 1363 433 1428 cives
448 1381 523 1426 suos
532 1360 656 1425 Romae
670 1378 781 1422 censos
798 1356 969 1441 plerosque
978 1354 1116 1420 Romam
1131 1356 1359 1442 commigrasse:

345 1454 473 1540 quodsi
491 1453 701 1539 permittatur,
718 1450 887 1537 perpaucis
903 1448 1011 1513 lust-ris
1025 1449 1181 1527 futurum,
1199 1459 1237 1513 ut
1251 1450 1360 1515 deserta

313 1568 328 1616 s
347 1548 479 1634 oppida,
504 1546 621 1612 deserti
639 1546 709 1630 agri
725 1545 850 1609 nullum
867 1543 999 1608 militem
1017 1543 1093 1608 dare
1110 1554 1253 1628 possent
1296 1543 1361 1608 Fre

345 1642 448 1728 gellas
465 1661 593 1725 quoque
615 1638 703 1703 milia
724 1649 876 1723 quattuor
898 1637 1092 1702 familiarum
1110 1638 1265 1703 transisse
1282 1638 1320 1703 ab
1335 1658 1361 1701 se

347 1736 508 1803 Samnites
526 1732 738 1819 Paelignique
761 1733 976 1817 querebantur
1001 1753 1106 1817 neque
1128 1753 1166 1797 eo
1190 1733 1298 1798 minus
1318 1741 1363 1797 aut

313 1851 327 1899 9
346 1831 404 1896 hos
427 1842 483 1897 aut
508 1830 579 1895 illos
604 1830 638 1893 in
661 1828 812 1894 dilectum
834 1827 972 1891 militum
995 1827 1082 1892 dare.
1126 1849 1248 1913 genera
1270 1839 1364 1892 autern

345 1925 467 1991 fraudis
485 1924 550 1989 duo
567 1923 740 1988 mutandae
758 1922 875 1987 viritim
894 1921 1029 1986 civitatis
1047 1921 1179 1986 inducta
1196 1932 1299 1987 erant
1321 1922 1366 1986 lex

346 2020 440 2085 sociis
457 2016 526 2105 (aa)
543 2017 680 2082 nominis
697 2016 822 2093 Latini,
846 2016 902 2100 qui
925 2016 1056 2101 stirpem
1073 2037 1114 2080 ex
1132 2037 1203 2082 sese
1221 2016 1311 2081 domi
1325 2038 1367 2080 re·

345 2113 535 2197 linquerent,
554 2112 661 2189 dabat,
679 2122 716 2176 ut
734 2112 819 2177 cives
837 2109 976 2175 Romani
992 2110 1114 2175 fierent.
1147 2132 1186 2175 ea
1203 2110 1278 2197 lege
1294 2110 1367 2175 male

346 2207 465 2273 utendo
484 2205 538 2272 alii
552 2206 656 2283 sociis,
674 2206 727 2271 alii
745 2204 864 2291 populo
873 2204 1020 2269 Romano
1038 2203 1187 2269 iniuriam
1205 2203 1368 2270 faciebant.

297 2323 328 2371 10
345 2324 421 2367 nam
439 2313 471 2366 et
492 2324 533 2365 ne
556 2302 686 2387 stirpem
705 2300 792 2366 domi
813 2300 1045 2384 relinquerent,
1068 2298 1185 2364 liberos
1208 2321 1285 2364 suos
1306 2299 1369 2383 qui·

346 2397 525 2483 busquibus
543 2397 696 2463 Romanis
718 2397 752 2461 in
771 2420 841 2462 eam
860 2395 1094 2472 condicionem,
1116 2406 1154 2460 ut
1170 2397 1370 2461 manumitte-

346 2504 470 2572 rentur,
502 2492 662 2579 mancipio
689 2492 822 2569 dabant,
854 2491 1057 2575 libertinique
1083 2492 1169 2557 cives
1197 2501 1317 2569 essent;
1341 2501 1371 2555 et

347 2587 465 2673 quibus
483 2587 596 2672 stirpes
615 2585 755 2663 deesset,
778 2608 877 2671 quam
899 2586 1127 2671 relinquerent,
1149 2597 1187 2650 ut
1206 2586 1294 2652 cives
1310 2585 1370 2651 Ro

298 2700 328 2747 11
346 2684 435 2748 mani
450 2682 573 2759 fierent,
593 2680 619 2767 [.
630 2729 638 2746 .
650 2729 658 2746 .
669 2680 705 2767 ..]
741 2693 854 2767 postea
871 2682 921 2747 his
939 2703 1067 2767 quoque
1084 2681 1282 2767 imaginibus
1299 2681 1369 2747 iuris

348 2776 477 2861 spretis,
494 2776 676 2860 promiscue
694 2775 761 2839 sine
778 2776 861 2861 lege,
880 2778 947 2841 sine
964 2776 1062 2862 stirpe
1079 2776 1113 2841 in
1130 2775 1294 2842 civitatem
1311 2775 1370 2841 Ro-

298 2888 330 2935 12
347 2891 476 2937 manain
493 2889 551 2954 per
565 2868 789 2955 migrationem
807 2882 838 2935 et
857 2893 987 2936 censum
1004 2872 1192 2937 transibant.
1237 2871 1319 2939 baec
1334 2893 1369 2936 ne

346 2973 458 3048 postea
475 2962 588 3027 fierent
605 2964 757 3049 petebant
773 2965 872 3051 legati
891 2977 923 3030 et
939 2976 976 3029 ut
991 2965 1096 3031 redire
1112 2966 1146 3030 in
1165 2964 1311 3031 civitates
1327 2964 1368 3029 in

346 3058 459 3124 berent
480 3056 596 3134 socios3
624 3057 754 3136 deinde,
780 3073 816 3124 ut
837 3059 909 3146 lege
932 3070 1094 3135 caverent,
1117 3060 1254 3143 nequis
1279 3080 1367 3145 quem

347 3152 482 3218 civitatis
496 3152 668 3218 mutandae
683 3175 780 3219 causa
794 3176 888 3218 suum
901 3154 1022 3219 faceret
1030 3176 1111 3220 neve
1125 3153 1289 3231 alienaret,
1303 3150 1366 3220 etsi
1403 3181 1404 3204 ι

346 3248 417 3332 quis
435 3247 481 3312 ita
498 3246 576 3312 civis
594 3246 758 3313 Romanus
777 3247 882 3313 factus
900 3258 993 3326 esset,
1008 3239 1063 3328 [id
1080 3260 1185 3313 ratum
1203 3272 1246 3315 ne
1265 3243 1365 3333 esset].

346 3342 426 3406 haec
443 3341 612 3426 impetrata
630 3341 671 3405 ab
689 3354 811 3407 senatu.

316 3456 328 3500 1
412 3433 527 3502 VIIH.
554 3433 745 3503 Provinciae
764 3437 894 3514 deinde,
912 3458 995 3520 quae
1015 3437 1048 3501 in
1071 3438 1155 3502 bello
1174 3448 1282 3516 erant,
1300 3434 1364 3504 Sar·

315 3549 329 3595 a
348 3528 434 3593 dinia
452 3539 549 3613 atque
562 3528 685 3593 Histria
703 3530 858 3598 decretae.
886 3532 919 3597 in
934 3530 1117 3598 Sardiniam
1132 3531 1215 3599 duae
1233 3533 1363 3619 legiones

348 3622 444 3688 scribi
466 3623 588 3701 iussae,
615 3624 712 3708 quina
734 3626 821 3691 milia
842 3627 877 3691 in
894 3628 1036 3713 singulas
1055 3639 1087 3694 et
1104 3627 1219 3693 duceni
1242 3629 1363 3716 pedites

347 3718 468 3783 treceni
486 3718 623 3802 equites,
646 3730 678 3784 et
700 3720 869 3787 duodecim
891 3722 978 3787 milia
1000 3722 1144 3808 peditum
1161 3724 1319 3790 sociorum
1335 3739 1364 3785 ao

349 3811 460 3876 Latini
481 3812 618 3877 nominis
641 3825 673 3878 et
695 3816 830 3880 sescenti
854 3816 977 3899 equites
1001 3827 1033 3882 et
1055 3816 1166 3883 decem
1184 3818 1365 3902 quinquere

315 3924 329 3973 3
348 3928 416 3971 mes
434 3927 547 3983 naves,
572 3906 599 3971 si
617 3906 774 3975 deducere
792 3932 832 3975 ex
850 3910 1017 3976 navalibus
1035 3911 1140 3977 vellet.
1177 3910 1366 3978 tantumdem

348 3999 492 4086 peditum
509 4002 716 4086 equitumque
732 4004 766 4068 in
779 4004 946 4082 Histriam,
964 4016 1119 4090 quantum
1136 4006 1170 4071 in
1184 4005 1368 4077 Sardiniam,

350 4095 523 4162 decretum.
567 4107 600 4162 et
616 4097 775 4183 legionem
792 4121 891 4164 unam
908 4122 982 4165 oum
1000 4101 1160 4185 equitibus
1178 4103 1327 4169 trecentis
1343 4109 1369 4164 et

350 4189 491 4275 quinque
516 4192 605 4256 milia
630 4192 775 4278 peditum
797 4194 954 4260 sociorum
982 4208 1014 4261 et
1040 4196 1193 4263 ducentos
1219 4197 1371 4281 quinqua-

350 4284 441 4368 ginta
457 4286 583 4352 mittere
601 4286 724 4369 equites
744 4288 778 4352 in
795 4290 987 4376 Hispaniam
1005 4293 1150 4359 consules
1169 4292 1211 4357 ad
1229 4292 1280 4358 M.
1299 4289 1372 4358 Titi
