3359 5092
357 523 400 590 82
562 533 679 590 LIBER
696 532 853 604 XXXXH,
872 533 971 590 aaut
991 533 1176 602 [aucam]

356 705 457 771 ratus,
481 692 567 776 quod
585 713 650 775 qua
666 701 756 777 parte
773 691 866 775 palus
884 691 997 755 urbem
1015 689 1116 775 cingit
1138 712 1199 756 nec
1222 688 1363 756 adtinebat

323 809 338 857 6
357 786 535 874 oppugnari
552 808 613 851 nec
629 795 762 872 poterat
788 783 858 870 ipse
873 785 915 849 ab
930 807 968 849 ea
984 796 1085 871 parte,
1104 806 1170 869 qua
1184 785 1267 850 duae
1281 795 1364 849 turrea

355 884 505 967 quodque
523 880 605 946 inter
622 903 677 946 eas
694 879 777 944 muri
794 879 897 944 fuerat
916 875 1120 965 [corruerat],
1138 878 1204 943 duo
1221 878 1308 944 milia
1322 877 1367 942 mi-
1405 931 1406 952 ,

356 978 447 1043 litum
465 975 661 1041 delectorum
678 974 828 1052 admovit,
848 970 915 1060 [ut]
934 974 1047 1040 eodem
1060 983 1216 1059 tempore,
1234 994 1298 1058 quo
1313 972 1367 1058 ipse

356 1071 578 1137 transcendere
600 1069 708 1134 ruinas
726 1081 908 1145 conaretur,
927 1090 1084 1133 concursu
1102 1068 1259 1133 adversus
1277 1090 1310 1133 se
1325 1088 1369 1152 op

355 1167 544 1254 pidanorum
568 1165 654 1230 facto
677 1163 770 1229 scalis
792 1185 895 1228 vacua
917 1162 1139 1229 defensoribus
1162 1163 1293 1229 moenia
1313 1161 1369 1246 capi

323 1273 445 1347 tparta
468 1261 574 1344 aliqua
594 1269 733 1345 possent.
778 1257 865 1322 haud
887 1259 1028 1343 segniter
1048 1257 1202 1343 oppidani
1225 1257 1292 1322 vim
1316 1255 1369 1323 eina

355 1376 463 1421 arcere
480 1364 605 1440 parant.
640 1375 715 1417 nam
733 1374 829 1437 super
847 1363 982 1417 stratum
998 1351 1098 1416 ruinis
1116 1352 1226 1417 locum
1244 1350 1369 1417 fascibus

355 1448 452 1514 aridis
470 1458 701 1513 sarmentorum
724 1444 847 1512 iniectis
866 1457 985 1511 stantes
1004 1468 1077 1511 cum
1096 1446 1286 1512 ardentibus
1306 1443 1370 1510 faci·

355 1542 416 1609 bus
435 1562 623 1609 accensuros
640 1563 712 1606 eam
730 1563 764 1607 se
782 1562 911 1625 saepem
933 1539 1154 1618 minabantur,
1181 1551 1218 1606 ut
1235 1538 1368 1605 incendio

355 1636 541 1722 intersaepti
567 1634 608 1699 ab
631 1634 722 1700 hoste
744 1634 883 1720 spatium
909 1635 951 1699 ad
972 1635 1177 1701 obiciendum
1202 1636 1370 1702 interiorem

322 1748 484 1798 8murum
508 1728 672 1795 haberent.
717 1728 804 1813 quod
824 1727 988 1814 inceptum
1011 1751 1122 1794 eorum
1143 1728 1212 1795 fors
1238 1728 1369 1816 inpediit3

356 1848 433 1890 nam
459 1834 566 1890 tantus
592 1834 723 1909 repente
749 1821 871 1887 effusus
897 1833 945 1887 est
970 1823 1086 1901 imber,
1112 1834 1150 1888 ut
1171 1846 1233 1889 nec
1255 1821 1370 1890 accendi

323 1937 337 1985 a
355 1919 450 1985 facile
467 1929 630 2005 pateretur
647 1929 678 1984 et
700 1917 899 2003 extingueret
917 1939 1060 1983 accensa.
1103 1918 1215 2003 itaque
1233 1931 1268 1985 et
1285 1929 1369 1984 nans

354 2013 418 2077 itus
444 2035 502 2098 per
525 2012 675 2076 distracta
701 2010 859 2076 fumantia
885 2011 1025 2097 virgulta
1051 2012 1156 2097 patuit
1179 2023 1213 2078 et
1234 2013 1269 2077 in
1291 2012 1368 2077 unius

355 2104 418 2171 loci
439 2105 633 2192 praesidium
653 2105 800 2171 omnibus
823 2104 924 2170 versis
946 2105 1073 2171 moenia
1090 2127 1222 2190 quoque
1239 2106 1367 2194 pluribus
1402 2175 1407 2202 ἶ

307 2220 338 2270 10
357 2200 451 2265 simul
467 2200 611 2286 partibus
630 2200 723 2266 scalis
741 2200 920 2285 capiuntur.
947 2200 982 2264 in
999 2200 1101 2285 primo
1116 2202 1259 2266 tumultu
1273 2211 1367 2287 captae
1402 2227 1407 2244 =

356 2294 444 2360 urbis
475 2294 615 2361 seniores
640 2292 856 2379 inpubesque,
886 2315 967 2377 quos
999 2316 1092 2359 casus
1118 2294 1233 2360 obvios
1261 2292 1367 2369 obtulit,
1403 2299 1406 2392 j

354 2388 474 2475 passim
492 2387 590 2466 caesi3
609 2386 723 2452 armati
736 2386 770 2451 in
783 2408 889 2452 arcem
903 2387 1116 2473 confugerunt
1130 2400 1163 2453 et
1180 2400 1309 2474 postero
1321 2387 1367 2460 die,
1404 2413 1406 2426 ¹

355 2506 429 2549 cum
455 2483 523 2570 spei
549 2481 628 2546 nihil
655 2493 850 2567 superesset,
876 2481 1038 2547 deditione
1065 2483 1153 2547 facta
1179 2484 1243 2549 sub
1269 2501 1367 2550 corona

305 2596 336 2643 11
354 2578 531 2644 venierunt.
575 2576 705 2641 fuerunt
721 2587 830 2640 autem
849 2574 913 2640 duo
930 2576 1018 2641 milia
1035 2576 1138 2642 ferme
1155 2587 1189 2643 et
1207 2573 1366 2664 quingenti

355 2681 541 2736 ornamenta
562 2670 665 2746 urbis,
689 2680 812 2736 statuae
834 2681 867 2735 et
888 2669 1017 2735 tabulae
1034 2670 1154 2756 pictae,
1178 2684 1213 2737 et
1229 2667 1368 2757 quidquid

355 2764 513 2850 pretiosae
535 2764 673 2849 praedae
690 2763 766 2839 fuit,
790 2763 831 2828 ad
848 2786 947 2830 naves
965 2764 1121 2842 delatum3
1145 2766 1225 2831 urbs
1244 2767 1368 2832 dirutas

306 2874 337 2922 12
355 2856 580 2921 fundamentis.
615 2856 690 2922 inde
708 2855 837 2923 Thebas
856 2858 971 2923 ductus
989 2860 1162 2937 exercitus3
1181 2862 1301 2945 quibus
1317 2859 1369 2926 sint

356 2951 528 3016 certamine
544 2950 679 3036 receptis
697 2951 810 3016 urbem
828 2952 957 3017 tradidit
975 2952 1122 3017 exulibus
1141 2964 1174 3019 et
1192 2955 1251 3039 qui
1268 2956 1370 3021 Roma·

354 3067 469 3110 norum
483 3045 581 3131 partis
592 3057 691 3123 erant,
705 3045 858 3111 adversae
872 3045 1019 3112 factionis
1029 3047 1197 3114 hominum
1208 3050 1370 3116 fautorum·

354 3161 417 3223 que
439 3140 525 3226 regis
547 3162 585 3206 ac
602 3138 820 3205 Macedonum
843 3140 980 3206 familias
1003 3142 1064 3206 sub
1087 3164 1210 3209 corona
1233 3142 1369 3211 vendidit.

353 3233 404 3298 his
420 3234 519 3319 gestis
536 3234 570 3298 in
587 3234 723 3300 Boeotia
739 3234 782 3299 ad
799 3256 886 3299 mare
904 3256 943 3299 ac
959 3258 1058 3301 naves
1076 3237 1182 3302 rediit.

321 3344 335 3392 1
418 3326 568 3391 LXIIH.
596 3324 682 3393 (lum
705 3326 786 3394 haec
807 3327 840 3391 in
862 3328 997 3395 Boeotia
1017 3343 1224 3416 gererentur,
1246 3333 1370 3400 Persen

321 3419 397 3483 aad
420 3417 593 3484 Sucurium
620 3422 736 3486 stativa
762 3421 885 3486 diemm
911 3423 1032 3507 aliquot
1057 3424 1182 3490 habuit.
1229 3429 1289 3494 ubi
1314 3446 1371 3493 oum

353 3511 495 3576 audisset
515 3512 630 3598 raptim
647 3514 810 3579 Romanos
834 3515 919 3580 circa
940 3538 981 3581 ex
1002 3518 1089 3603 agris
1111 3520 1302 3588 demessum
1321 3522 1373 3587 fru-

354 3614 498 3670 mentum
524 3606 715 3684 convehere,
742 3608 857 3673 deinde
884 3621 958 3675 ante
980 3633 1040 3676 sua
1062 3633 1231 3699 quemque
1253 3614 1374 3683 tantoris

321 3716 336 3764 a
354 3698 459 3784 spicas
476 3697 617 3765 fascibus
635 3700 851 3780 desecantem,
873 3724 938 3787 quo
955 3704 1067 3789 purius
1084 3706 1291 3778 frumentum
1308 3722 1374 3778 tert·

352 3802 411 3870 ret,
428 3791 567 3877 ingentis
580 3816 711 3860 acervos
724 3817 782 3881 per
796 3805 863 3861 tota
875 3807 979 3864 castra
992 3809 1246 3870 stramentorum
1264 3805 1375 3878 fecisse.

354 3896 442 3950 ratus
464 3885 611 3951 incendio
634 3900 812 3974 opportuna
830 3911 914 3968 esse,
936 3890 1024 3958 faces
1042 3895 1242 3981 taedamque
1261 3912 1295 3965 et
1310 3895 1375 3964 md·

353 3979 453 4045 leolos
471 3990 606 4067 stuppae
627 3980 734 4047 inlitos
755 3983 826 4068 pice
843 3985 949 4067 parari
965 3986 1070 4066 iubet3
1095 4000 1196 4075 atque
1219 3993 1267 4059 ita
1284 3989 1375 4060 medi·

319 4085 446 4140 anocte
467 4075 644 4159 profectus,
670 4089 708 4140 ut
728 4076 831 4161 prima
854 4076 925 4143 luce
949 4080 1121 4167 adgressus
1149 4085 1289 4155 falleret.
1331 4107 1375 4152 nc·

354 4167 517 4251 quiquam.
551 4169 673 4255 primae
691 4169 840 4236 stationes
859 4192 1030 4256 oppressae
1047 4180 1191 4245 tumultu
1210 4204 1251 4249 ao
1268 4194 1374 4250 terrort

353 4279 412 4323 suo
439 4272 559 4330 ceteros
591 4263 823 4340 excitaverunt,
855 4264 1047 4353 signumque
1080 4272 1194 4340 datum
1223 4288 1272 4343 est
1300 4291 1374 4342 arm
