3359 5092
496 553 615 611 anna
631 555 820 629 xxxxrm,
838 557 882 612 42.
896 557 939 613 e.
958 555 1111 630 [scra]
1255 545 1317 613 147

294 714 432 781 tomam
443 713 593 779 manibus
606 714 706 800 elapsi
720 726 820 791 erant,
838 715 977 782 inermes
988 715 1030 781 ad
1044 739 1133 783 mare
1146 716 1317 805 fugientes,

293 809 423 896 quidam
435 829 554 893 aquam
567 809 664 875 etiam
676 809 822 895 ingressi,
840 833 955 875 manns
973 811 1015 876 ad
1028 831 1083 876 eos
1096 812 1154 896 qui
1170 813 1204 877 in
1217 814 1318 878 classe

293 916 382 971 erant
398 904 582 982 tendentes,
600 905 786 990 suppliciter
803 906 902 971 vitam
919 903 1064 971 orabant.
1106 919 1141 973 et
1158 929 1232 973 cum
1249 930 1318 973 sca·
1336 927 1351 975 5

293 999 371 1085 phas
395 1017 583 1065 concurrere
604 998 747 1083 undique
769 1000 811 1064 ab
833 1000 969 1065 navibus
996 1011 1173 1078 cernerent,
1200 999 1241 1066 ad
1263 1023 1319 1068 ex·

294 1092 456 1178 cipiendos
473 1115 543 1160 sese
559 1092 669 1159 venire
687 1093 757 1170 rati,
776 1104 812 1159 ut
828 1104 979 1180 caperent
995 1093 1102 1180 potius
1120 1114 1218 1178 quam
1234 1095 1318 1160 oeci·

291 1186 418 1265 derent,
439 1186 567 1274 longius
587 1188 622 1253 iu
639 1207 770 1273 aquam,
794 1187 927 1271 quidam
943 1188 1040 1254 etiam
1056 1198 1219 1265 natames,
1244 1209 1318 1273 pm-

292 1281 394 1368 greasi
418 1291 503 1347 sunt
547 1282 604 1347 sed
621 1303 695 1347 cum
713 1281 870 1348 hostiliter
887 1279 937 1369 [e]
956 1282 1083 1369 scaphis
1101 1282 1317 1360 caederentur,
1336 1302 1352 1351 s

292 1387 375 1443 retro
394 1375 452 1459 qui
467 1387 615 1461 putarant
630 1376 738 1441 nando
754 1387 934 1463 repetentes
952 1387 1070 1442 terram
1087 1378 1121 1442 in
1139 1377 1234 1442 aliam
1250 1376 1319 1443 foe-

290 1471 415 1537 diorem
436 1481 560 1557 pestem
580 1470 780 1549 incidebant;
803 1471 964 1557 elephanti
981 1473 1066 1538 enim
1084 1472 1126 1537 ab
1142 1470 1318 1537 rectoribus

290 1567 334 1632 ad
356 1565 433 1631 litus
460 1565 524 1630 aeti
550 1566 695 1631 exeuntia
719 1566 911 1633 obterebant
938 1567 1172 1652 elidebantque.
1224 1565 1351 1631 facilen

289 1660 519 1738 conveniebat,
542 1656 593 1746 [a]
619 1659 773 1726 Romanis
802 1682 980 1745 numquam
1008 1683 1076 1726 nna
1102 1661 1170 1726 acie
1195 1671 1319 1725 tantum

289 1754 511 1820 Macedonum
536 1753 750 1821 interfectum.
793 1776 889 1822 caesa
915 1755 1001 1821 enim
1027 1755 1070 1821 ad
1095 1753 1208 1840 viginti
1233 1752 1319 1819 milia

291 1847 459 1916 bominum
479 1860 570 1927 sunt,
595 1849 639 1915 ad
658 1871 718 1916 sex
734 1851 836 1930 milia,
863 1852 919 1936 qui
936 1851 1086 1938 Pydnam
1103 1872 1144 1915 ex
1162 1849 1230 1914 acie
1246 1869 1319 1935 per·

288 1941 452 2029 fugerant,
471 1942 536 2007 vivi
547 1943 582 2008 in
598 1954 789 2029 potestatem
806 1957 1029 2030 pervenerunt,
1048 1955 1080 2010 et
1094 1943 1170 2029 vagi
1183 1966 1223 2009 ex
1240 1943 1320 2029 fuga

286 2038 435 2122 quinque
450 2037 538 2102 milia
558 2037 725 2103 hominum
741 2051 845 2125 capta.
888 2061 930 2105 ex
947 2039 1120 2105 victoribus
1138 2038 1320 2104 ceciderunt
1337 2054 1353 2103 8

286 2132 454 2292 eres
462 2140 624 2309 stu
638 2132 1351 2313 tesserarum,
1472 2199 1474 2204 ·

289 2331 446 2407 caeptum
462 2331 559 2397 esset,
582 2332 619 2385 nt
636 2321 713 2386 satis
730 2321 794 2387 diei
814 2322 988 2388 victoribus
1006 2322 1048 2388 ad
1064 2320 1320 2407 persequendum

285 2424 490 2501 superesset,
507 2414 631 2480 deletae
648 2435 759 2481 omnes
776 2416 888 2502 copiae
905 2416 1010 2482 forent
1015 2439 1025 2494 3
1049 2435 1135 2479 nuno
1151 2413 1319 2478 imminens

288 2527 356 2574 nex
369 2518 403 2574 et
414 2507 576 2594 fugientes
589 2508 669 2573 texit
682 2518 714 2574 et
721 2508 876 2575 Romanis
893 2508 1054 2595 pigritiem
1067 2508 1109 2573 ad
1122 2507 1320 2591 sequendum

285 2599 371 2670 loeis
388 2602 507 2687 ignotis
525 2601 612 2668 fecit.

354 2695 570 2762 XXXXIIL
596 2696 737 2762 Perseus
754 2696 797 2763 ad
812 2695 956 2763 Pieriam
978 2697 1092 2762 silvam
1109 2694 1163 2760 via
1178 2693 1318 2772 militari,
1339 2715 1352 2761 1

288 2789 454 2877 frequent
471 2791 599 2876 agmins
616 2791 760 2875 equitum
776 2802 810 2858 et
825 2793 915 2877 regio
934 2792 1086 2858 comiteur
1103 2789 1196 2876 fugit.
1223 2790 1318 2854 simul
1337 2808 1352 2856 2

292 2883 326 2952 in
341 2886 460 2952 silvam
477 2895 608 2950 ventum
626 2895 688 2963 est,
709 2884 767 2950 ubi
783 2886 892 2971 plures
910 2886 1055 2951 diversae
1072 2884 1203 2950 semitae
1221 2894 1321 2960 eraut,

292 2992 325 3046 et
339 3001 408 3044 nox
430 2978 721 3064 adpropinquabat,
745 3000 819 3044 cum
836 2979 1005 3066 perpaucis
1022 2977 1161 3044 maxime
1178 2978 1250 3043 fidis
1268 2977 1322 3042 via

290 3071 440 3140 devertit.
485 3073 609 3155 equites
634 3072 703 3138 sine
729 3073 811 3139 duee
837 3074 938 3139 relicti
964 3074 1007 3139 ali
1033 3073 1097 3138 alia
1121 3071 1155 3136 in
1177 3071 1355 3139 civitatens

294 3187 367 3234 suas
391 3166 506 3253 dilapsi
533 3177 621 3243 sunt3
647 3168 800 3253 perpauci
824 3167 900 3234 inde
921 3165 1046 3234 Pellam
1070 3165 1203 3231 celerius
1224 3186 1322 3249 quam

295 3257 362 3348 ipse
379 3260 535 3338 Perseus,
553 3260 630 3344 qnia
645 3271 734 3326 recta
752 3258 815 3347 [et]
834 3262 983 3347 expedita
999 3261 1052 3326 via
1069 3260 1186 3337 ierant,
1208 3280 1322 3346 perve-

297 3366 421 3422 nerunt
452 3377 511 3419 rex
528 3353 569 3417 ad
585 3354 726 3420 mediam
741 3354 843 3420 ferme
860 3366 987 3420 noctem
1005 3365 1038 3420 et
1055 3374 1160 3419 errore
1178 3363 1210 3418 et
1225 3352 1323 3418 variis
1340 3374 1357 3423 4

299 3445 539 3514 difficultatibus
566 3448 637 3513 viae
661 3461 821 3515 vexatura
872 3450 907 3515 in
936 3448 1026 3536 regia
1055 3459 1178 3514 maesta
1202 3446 1323 3514 Perseo
1341 3467 1356 3515 5

296 3544 350 3626 qni
365 3542 479 3609 Pellae
496 3552 665 3627 praeerant
682 3540 855 3631 [Eulaeus]
875 3543 1063 3627 Enetusqne
1080 3545 1213 3630 regique
1229 3542 1322 3629 pueri

293 3649 422 3718 'praesta
440 3648 542 3703 erant.
572 3648 682 3702 contra
694 3660 733 3703 ea
744 3637 931 3716 amicorum,
949 3637 1005 3722 qui
1023 3637 1065 3702 ali
1082 3637 1144 3702 alio
1163 3659 1240 3703 casu
1258 3659 1324 3702 ser-

301 3731 361 3798 rati
369 3753 412 3797 ex
425 3730 547 3817 proelio
556 3729 683 3796 Pellam
691 3743 854 3808 venerant,
864 3753 938 3796 cum
946 3753 1042 3817 saepe
1051 3730 1193 3796 arcessiti
1208 3741 1323 3809 essent,

300 3839 390 3894 nemo
416 3825 460 3891 ad
486 3846 560 3889 enm
586 3825 682 3891 venit
727 3835 792 3891 tres
817 3837 908 3891 erant
930 3836 1053 3889 tantum
1074 3846 1148 3890 cum
1166 3847 1204 3890 eo
1226 3824 1358 3911 fugace

299 3920 439 3997 amites,
455 3917 611 3984 Euander
624 3916 797 3997 Cretensis,
814 3918 887 3986 Neo
900 3919 1053 3985 Boeotius
1069 3929 1101 3985 et
1109 3918 1324 3984 Archidamus

300 4009 444 4081 Aetolus.
479 4034 556 4077 eum
571 4015 610 4091 le,
628 4013 693 4079 iam
708 4024 872 4091 metuens,
889 4035 940 4091 ue,
958 4013 1015 4097 qui
1031 4012 1140 4078 venire
1158 4012 1199 4076 ad
1216 4033 1251 4076 se
1269 4011 1326 4075 ab·
1344 4031 1358 4077 r

298 4118 442 4184 merem,
459 4106 565 4172 maius
581 4107 703 4193 aliquid
719 4130 796 4175 mox
813 4108 978 4186 auderent,
996 4117 1110 4192 quarta
1127 4105 1236 4191 vigilia
1252 4125 1326 4192 pro-

294 4193 390 4290 tagit,
435 4199 540 4267 secuti
563 4223 636 4266 eum
659 4213 734 4268 sunt
760 4202 934 4268 admodum
955 4201 1122 4287 quingenti
1145 4196 1359 4268 Cretensess

297 4297 427 4377 latebat
436 4294 674 4381 Amphipolim,
692 4296 751 4364 sed
763 4309 857 4364 nocte
871 4296 991 4363 aPella
1004 4295 1134 4371 exierat,
1152 4315 1325 4380 properans

1104 4393 1156 4449 10·
1381 4431 1385 4438 -
