3359 5092
335 537 399 605 134
521 547 645 616 ,LIBER
660 544 849 616 xxxxmt,
867 543 967 600 seeo.
984 542 1169 614 [aucbdff]

302 721 317 769 a
335 710 395 776 tias
409 707 562 793 religione
574 705 635 770 looi
649 703 831 790 praebente,
844 701 1062 768 versabantur.
1091 701 1240 765 Antenor
1247 697 1350 764 Persei

334 802 524 889 praefectus,
542 822 616 865 cum
633 799 754 881 aliquas
774 798 837 861 alto
855 796 1008 882 praeferri
1026 794 1189 860 onerarias
1207 815 1306 859 naves
1318 816 1351 858 ex
1393 814 1394 818 ’

299 896 470 982 sspeculis
497 892 710 980 significatum
737 891 834 966 soret,
861 900 952 975 parte
977 888 1156 953 lemborum
1182 888 1254 973 ipse
1278 887 1351 952 inse·

334 1011 445 1074 quens,
463 999 553 1074 parte
570 982 797 1072 perchlades
812 983 975 1069 disposita,
993 995 1220 1068 praeterquam
1238 981 1351 1064 siquae
1389 1006 1395 1022 ν’

332 1082 559 1150 Macedoniam
571 1091 725 1167 peterent,
743 1101 854 1144 omnes
870 1088 926 1142 uut
939 1077 1158 1163 supprimebat
1171 1087 1229 1141 aut
1247 1076 1351 1162 spolia-
1389 1099 1392 1106 ’

334 1180 389 1246 bat
411 1201 519 1244 naves.
563 1177 680 1262 quibus
702 1185 826 1261 poterat
843 1172 1001 1258 Popillius
1023 1184 1079 1237 aut
1097 1170 1181 1258 [suis
1204 1170 1278 1257 aut]
1295 1170 1352 1235 Eu·
1388 1207 1395 1231 ,η

299 1273 434 1340 emonis
461 1271 597 1337 navibus
624 1270 844 1345 succurrebat3
877 1267 933 1332 sed
959 1267 1042 1331 vecti
1073 1277 1169 1331 nocte
1197 1266 1282 1330 binis
1307 1277 1352 1330 aut

299 1369 429 1435 eternis
454 1368 642 1454 plerumque
664 1365 777 1430 lembis
799 1364 997 1429 Macedones
1024 1362 1192 1428 fallebant.
1246 1385 1304 1448 per
1326 1359 1350 1424 id
1387 1385 1395 1425 ·,

332 1464 399 1529 fere
422 1474 548 1548 tempus
569 1460 668 1546 legati
685 1459 881 1524 Macedones
903 1457 1069 1543 Illyriique
1091 1453 1189 1522 simul
1212 1457 1350 1521 Rhodum
1383 1483 1394 1519 :t

332 1568 497 1633 venerunt,
508 1555 626 1639 quibus
636 1554 856 1619 auctoritatem
865 1552 988 1618 addidit
996 1574 1062 1616 non
1075 1551 1260 1616 lemborum
1269 1550 1352 1615 modo

333 1649 488 1716 adventus
506 1649 624 1735 passim
642 1668 699 1734 per
709 1645 869 1733 Cycladas
883 1657 979 1730 atque
988 1647 1160 1732 Aegaeum
1175 1645 1350 1733 vagantium

332 1767 434 1821 mare,
457 1743 626 1809 sedetiam
646 1742 825 1807 coniunctio
847 1742 918 1826 ipsa
935 1763 1048 1828 regum
1066 1740 1181 1806 Persei
1201 1738 1350 1823 Gentique
1384 1767 1393 1825 ,ἰ

332 1851 363 1906 et
380 1838 468 1903 fama
481 1860 554 1903 oum
571 1858 689 1923 magno
702 1857 833 1902 numero
851 1835 995 1921 peditum
1008 1833 1220 1919 equitumque
1234 1832 1350 1899 venien·
1381 1861 1393 1898 ε.

299 1934 413 1998 stium
431 1929 608 1997 Gallorum.
651 1942 684 1995 et
705 1931 769 1995 iam
792 1952 866 1995 cum
890 1930 1098 1995 accessissent
1121 1929 1223 1993 animi
1240 1926 1347 1994 Dinoni
1385 1934 1390 1976 ἑ·

333 2047 371 2091 ac
378 2025 562 2110 Polyarato,
577 2025 633 2110 qui
640 2025 753 2091 Persei
766 2025 905 2110 partium
914 2035 1014 2101 erant,
1028 2046 1094 2089 non
1108 2024 1253 2111 benigne
1268 2021 1349 2088 modo
1378 2026 1386 2088 ὲ

331 2140 520 2206 responsum
542 2120 672 2205 regibus
696 2130 757 2195 est,
786 2116 866 2205 [set]
889 2119 997 2204 palam
1014 2118 1262 2205 pronuntiatum
1279 2117 1348 2183 bello
1379 2141 1395 2184 ·-.

296 2213 427 2279 efinem
456 2235 490 2278 se
517 2214 703 2278 auctoritate
734 2236 793 2278 sua
821 2212 1015 2298 inposituros
1042 2235 1127 2278 esse:
1159 2211 1273 2298 itaque
1302 2209 1348 2297 ipsi
1377 2237 1394 2292 r

330 2328 458 2391 quoque
476 2329 568 2392 reges
591 2329 710 2392 aequos
733 2306 921 2372 adhiberent
938 2307 1061 2372 animos
1080 2307 1123 2371 ad
1146 2330 1265 2393 pacem
1282 2303 1352 2371 acci·
1376 2332 1383 2356 π·

330 2399 490 2488 piendam.

298 2510 311 2558 1
395 2495 515 2560 XXX.
543 2496 613 2560 Iam
635 2495 718 2559 veris
740 2495 934 2581 principium
957 2507 1025 2560 eret
1046 2496 1190 2579 novique
1211 2493 1350 2560 ducesin

330 2590 510 2677 provincias
536 2600 703 2666 venerant,
735 2591 848 2654 consul
873 2590 1032 2655 Aemilius
1058 2590 1093 2654 in
1120 2590 1351 2663 Macedoniam,

331 2680 489 2747 Octavius
507 2679 629 2748 Oreum
653 2683 695 2747 ad
717 2683 865 2760 classem,
888 2683 1024 2747 Anicius
1047 2684 1081 2747 in
1100 2684 1287 2768 Illyricum,
1312 2679 1354 2747 cui

297 2776 514 2840 abellandum
531 2776 683 2840 adversus
693 2773 848 2842 Gentium
868 2775 959 2861 [erat.
989 2776 1144 2864 Gentius]
1163 2791 1260 2864 patre
1268 2778 1359 2844 Pleu·

241 2929 246 2944 ,
330 2879 399 2932 rato
421 2886 498 2953 rege
520 2868 702 2953 Illyriorum
728 2881 759 2935 et
785 2882 887 2935 matre
904 2870 1071 2954 Eurydica
1095 2872 1229 2958 genitus
1253 2873 1357 2938 fratrer

331 2961 426 3038 duos,
458 2961 620 3027 Platorem
651 2974 786 3048 utroque
817 2975 966 3051 parente,
991 2963 1235 3032 Caravantium
1266 2979 1359 3034 matre

297 3069 312 3118 e
331 3053 442 3121 eadem
456 3068 566 3121 natum
580 3056 700 3122 habuit.
728 3057 788 3123 hoc
801 3070 932 3143 propter
944 3058 1182 3144 ignobilitatem
1198 3072 1358 3147 paternam
1391 3059 1395 3078 ¹

329 3149 434 3214 minus
462 3161 610 3235 suspecto
631 3150 795 3216 Platorem
822 3151 939 3217 oceidit
965 3164 997 3218 et
1023 3153 1105 3218 duos
1133 3156 1260 3221 amicos
1288 3156 1358 3230 eius,
1392 3211 1394 3220 .

328 3242 480 3309 Ettritum
495 3255 527 3309 et
535 3244 725 3331 Epicadum,
739 3245 892 3331 impigros
907 3247 1002 3324 viros,
1012 3268 1078 3331 quo
1092 3248 1197 3315 tutius
1206 3259 1359 3338 regnaret.

294 3354 311 3400 4
328 3336 415 3400 fama
432 3336 494 3400 fuit
510 3337 648 3402 Monuni
664 3337 891 3403 Dardanorum
908 3340 1061 3427 principis
1078 3342 1182 3408 filiam
1203 3345 1361 3411 Metuum

328 3439 422 3513 pacto
435 3429 525 3493 fratri
539 3453 613 3496 eum
626 3432 788 3510 invidisse,
805 3443 970 3517 tamquam
984 3434 1034 3499 his
1047 3440 1159 3522 nuptis
1175 3435 1360 3527 adiungenti

329 3519 390 3584 sibi
397 3521 624 3588 Dardanorum
641 3540 770 3611 gentem
775 3549 785 3603 3
803 3538 836 3592 et
852 3527 1049 3594 simillimum
1066 3530 1101 3594 id
1119 3554 1201 3597 vero
1216 3534 1295 3600 fecit
1308 3533 1361 3598 dn·
1391 3583 1393 3588 .

295 3632 310 3678 5
329 3625 380 3677 cta
397 3636 436 3679 ea
448 3615 538 3701 virgo
547 3616 677 3683 Platore
693 3619 870 3685 interfecto.
897 3622 1005 3706 gravis
1022 3623 1150 3702 deinde,
1169 3626 1306 3714 dempto
1315 3621 1359 3713 [a]

329 3705 426 3773 fratre
442 3720 545 3787 metu,
567 3712 775 3797 popularibus
793 3735 864 3780 esse
883 3717 1003 3801 coepit,
1027 3729 1060 3783 et
1077 3718 1274 3787 violentiam
1291 3719 1359 3786 insi·

295 3817 310 3864 o
329 3802 1076 3892 tamingeniointemperantiaviniaccendebat.
1104 3827 1266 3895 ceterum,
1285 3816 1358 3882 sient

328 3906 401 3960 ante
424 3895 544 3962 dietum
566 3911 628 3975 est,
655 3898 697 3962 ad
714 3899 898 3966 Romanum
919 3903 1069 3970 incitatus
1088 3907 1216 3976 bellum
1234 3911 1359 3976 Lissum
1389 3917 1395 3972 ἱ

295 4005 309 4051 7
328 3989 430 4054 omnis
448 3993 556 4077 copias
574 3992 741 4058 contraxit.
769 3994 951 4078 quindecim
968 3999 1059 4065 milia
1072 4013 1280 4070 armatorum
1296 4004 1360 4070 fus·
1389 4047 1395 4088 ἱ

327 4093 411 4148 runt.
438 4083 513 4150 inde
530 4086 627 4150 fratre
639 4086 673 4149 in
683 4082 859 4153 Caviorum
871 4103 1002 4176 gentem
1015 4094 1049 4159 vi
1064 4107 1122 4161 aut
1137 4110 1265 4166 terrore
1279 4095 1359 4164 subi·
1389 4112 1395 4152 ι’

326 4176 464 4257 gendum
491 4201 565 4243 eum
590 4179 676 4243 mille
698 4180 858 4264 peditibus
880 4195 914 4249 et
934 4187 1172 4277 quinquaginta
1202 4193 1360 4279 equitibus
1390 4209 1395 4228 ·

326 4267 434 4347 misso,
452 4270 521 4355 ipse
538 4271 579 4335 ad
596 4271 786 4339 Bassaniam
804 4276 918 4347 urbem
934 4281 1081 4368 quinque
1099 4286 1191 4352 milia
1210 4285 1361 4353 abbiate
