3359 5092
341 529 385 596 52
546 542 664 598 LIBER
680 541 838 612 XXXXH,
857 542 899 596 30.
913 542 955 595 31.
976 544 1051 609 [aa.
1061 540 1159 611 eoas]

309 722 324 770 2
342 721 464 785 nosque
481 699 631 765 inclinata
636 724 645 777 3
663 700 843 785 principum
857 698 982 762 diversa
996 720 1139 763 cerneres
1153 699 1266 763 studia.
1291 721 1352 783 pars

341 795 387 860 ita
407 794 441 859 in
462 793 624 859 Romanos
651 792 745 859 effusi
767 804 871 870 eraut,
897 803 935 856 ut
962 793 1182 856 auctoritatem
1208 793 1351 857 inmodico

309 908 324 956 3
342 890 452 955 favore
469 899 721 973 corrumperent,
743 889 837 974 pauci
855 911 895 953 ex
912 889 939 951 is
956 886 1077 951 iustitia
1099 886 1214 972 imperi
1231 887 1350 952 Romani

342 984 437 1069 capti,
455 985 561 1069 plures
580 983 633 1058 ita,
652 983 679 1046 si
696 982 900 1067 praecipuam
915 1004 1044 1067 operam
1057 994 1238 1059 navassent,
1257 993 1351 1066 poten·

309 1097 326 1142 4
344 1088 391 1144 tes
409 1099 479 1142 sese
491 1076 525 1141 in
538 1076 718 1140 civitatibus
734 1077 799 1140 suis
817 1076 940 1139 futuros
954 1075 1025 1140 rati.
1051 1097 1125 1159 pars
1144 1077 1244 1140 altera
1260 1076 1350 1160 regiae

344 1170 532 1235 adulationis
556 1180 638 1247 erat,
665 1191 744 1253 quos
768 1191 822 1233 aes
845 1168 985 1233 alienum
1007 1178 1039 1233 et
1062 1169 1241 1254 desperatio
1262 1190 1350 1233 rerum

346 1287 474 1329 suarum
502 1264 615 1329 eodem
645 1274 793 1328 manente
821 1273 905 1327 statu
934 1263 1122 1347 praecipites
1150 1264 1191 1327 ad
1222 1262 1352 1327 novanda

344 1358 450 1422 omnia
473 1357 589 1442 agebat
595 1381 604 1433 ;
627 1358 782 1440 quosdam
803 1367 971 1421 ventosum
987 1357 1167 1441 ingenium,
1195 1358 1271 1439 quia
1286 1356 1351 1421 Per-

309 1473 324 1521 o
343 1474 416 1517 scus
433 1452 537 1537 magis
555 1473 651 1515 aurae
668 1451 813 1535 populari
831 1450 997 1515 serviebat.
1026 1451 1118 1514 tertia
1133 1473 1219 1536 pars,
1239 1463 1350 1535 optuma

345 1546 457 1612 cadem
475 1556 506 1610 et
528 1545 790 1631 prudentissima,
817 1546 844 1610 si
861 1545 972 1628 utique
990 1546 1077 1630 optio
1099 1545 1220 1609 domini
1238 1545 1352 1631 potioris

310 1640 487 1717 otiaretur,
509 1639 570 1704 sub
588 1639 740 1704 Romanis
764 1661 860 1722 quam
883 1639 943 1703 sub
971 1661 1046 1724 rege
1068 1640 1209 1703 malebat
1233 1664 1312 1716 esse3
1335 1636 1352 1700 si

343 1733 478 1798 liberum
500 1733 534 1796 in
552 1755 591 1798 oa
607 1754 641 1797 re
665 1733 829 1797 arbitrium
847 1734 993 1797 fortunae
1012 1745 1108 1809 esset,
1131 1745 1279 1798 neutram
1296 1754 1354 1819 par·

344 1838 408 1892 tem
430 1827 581 1893 volebant
601 1826 809 1912 potentiorem
833 1828 933 1891 altera
950 1847 1101 1911 oppressa
1117 1827 1200 1904 fieri,
1226 1828 1283 1891 sed
1298 1826 1357 1890 inli-

344 1920 426 1984 batis
448 1921 553 2006 potius
577 1920 697 1985 viribus
715 1921 879 2003 utriusque
897 1921 995 2005 partis
1018 1943 1130 2005 pacem
1149 1944 1188 1984 ex
1208 1943 1285 1986 aeco
1301 1942 1359 1983 ma·

345 2035 435 2079 nere:
458 2013 503 2078 ita
519 2015 601 2080 inter
618 2025 769 2097 utrosque
787 2015 940 2099 optimam
959 2015 1177 2079 condicionem
1195 2016 1361 2079 civitatium

345 2109 414 2173 fore
432 2118 618 2194 protegente
636 2109 735 2173 altero
750 2130 875 2192 semper
892 2108 1020 2192 inopem
1038 2109 1079 2172 ab
1098 2109 1229 2173 alterius
1247 2108 1362 2173 iniuria

313 2225 326 2272 t
345 2203 424 2268 haec
442 2202 604 2268 sentientis
618 2202 791 2267 certamina
808 2203 969 2266 fautorum
984 2201 1150 2284 utriusque
1167 2204 1267 2287 partis
1285 2200 1363 2267 taciti

346 2319 386 2361 ex
404 2308 472 2361 tuto
491 2297 687 2382 spectabant.

311 2413 327 2462 a
410 2387 568 2456 Consules
590 2412 654 2475 quo
677 2390 728 2454 die
752 2389 971 2474 magistratum
997 2389 1149 2465 inierunt,
1177 2412 1219 2453 ex
1243 2400 1364 2453 senatus

345 2485 489 2550 consulto
511 2505 584 2548 cum
606 2485 690 2549 circa
707 2484 814 2547 omnia
835 2482 926 2559 fana,
951 2483 984 2546 in
1008 2483 1124 2566 quibus
1141 2481 1363 2547 lectisternium

345 2580 497 2644 maiorem
514 2589 637 2664 partem
655 2578 730 2641 anni
748 2599 816 2640 esse
836 2577 930 2652 solet,
948 2576 1121 2641 maioribus
1138 2575 1241 2641 hostis
1258 2577 1364 2641 immo·

345 2674 480 2748 lassent,
506 2672 581 2736 inde
602 2693 711 2756 preces
733 2693 809 2735 suas
832 2682 977 2756 acceptas
997 2671 1038 2734 ab
1056 2669 1116 2734 diis
1138 2670 1364 2736 immortalibus

347 2767 487 2843 ominati,
505 2766 629 2830 senatui
642 2766 702 2830 rite
715 2765 926 2830 sacrificatum
939 2765 1220 2850 precationemque
1236 2767 1275 2831 de
1289 2765 1363 2830 bello

313 2883 328 2932 a
346 2859 465 2925 factam
478 2860 708 2924 renuntiarunt.
734 2860 919 2944 haruspices
934 2859 978 2923 ita
991 2860 1236 2944 responderunt,
1255 2855 1362 2942 siquid

347 2955 393 3020 rei
414 2977 516 3020 novae
541 2955 746 3041 inciperetur,
773 2954 806 3018 id
832 2954 1058 3019 maturandum
1084 2976 1167 3018 esse:
1196 2955 1362 3027 victoriam,

297 3072 329 3118 ro
347 3049 554 3136 triumphum,
563 3047 840 3135 propagati0[nem
849 3049 973 3133 imperii
988 3048 1142 3133 portendi.
1169 3061 1277 3134 patres
1286 3045 1361 3131 quod

346 3141 503 3231 t'austum]
517 3144 658 3227 felixque
676 3143 794 3228 populo
803 3142 950 3206 Romano
965 3158 1057 3217 esset,
1076 3143 1261 3207 centuriatis
1275 3138 1361 3206 comi·

346 3243 386 3304 tis
403 3239 506 3325 primo
525 3234 684 3325 [quoque]
703 3237 754 3300 die
772 3236 855 3300 ferre
874 3236 914 3300 ad
932 3235 1087 3321 populum
1106 3236 1254 3301 consules
1271 3236 1360 3299 iusse-

346 3347 434 3408 runt,
457 3345 494 3398 ut
515 3334 602 3417 quod
622 3333 762 3398 Perseus
779 3330 921 3416 Philippi
942 3330 1041 3407 filius,
1064 3330 1282 3394 Macedonum
1302 3348 1359 3400 rex,

349 3425 502 3493 adversus
519 3426 633 3491 tbedus
650 3448 725 3490 cum
743 3441 832 3511 patre
840 3423 993 3510 Philippo
1008 3423 1107 3487 ictum
1125 3435 1156 3488 et
1175 3446 1284 3488 secum
1299 3429 1358 3507 post

348 3533 481 3586 mortem
500 3520 568 3584 eius
585 3533 772 3584 renovatum
790 3518 884 3583 sociis
901 3517 1012 3602 populi
1025 3515 1164 3581 Romani
1182 3540 1273 3581 arma
1287 3518 1359 3581 intu-

299 3631 330 3680 ιι
348 3615 446 3690 lisset,
464 3635 558 3700 agros
572 3627 726 3678 vastasset
741 3612 901 3695 urbesque
916 3622 1113 3695 occupasset,
1132 3610 1283 3694 quodque
1297 3604 1356 3673 belli

348 3708 482 3796 parandi
512 3708 664 3773 adversus
693 3706 847 3793 populum
874 3705 1055 3771 Romanum
1089 3705 1222 3769 consilia
1253 3705 1356 3774 inisset,

349 3826 448 3870 arura.
464 3802 591 3878 milites,
608 3801 741 3866 classem
759 3799 828 3864 eius
846 3799 892 3864 rei
909 3821 1006 3863 eausa
1023 3811 1242 3882 conparasset,
1260 3810 1295 3862 ut
1309 3790 1358 3859 uisi

349 3899 390 3964 de
406 3898 445 3962 iis
462 3897 558 3963 rebus
575 3895 794 3970 satisfecisset,
816 3893 936 3959 bellum
960 3913 1034 3956 cum
1051 3913 1089 3956 eo
1107 3893 1250 3957 iniretur.
1293 3892 1357 3955 haee

349 3992 472 4079 argatio
489 3991 532 4055 ad
547 3991 701 4076 populum
718 3989 785 4054 lata
801 4005 859 4054 est.

316 4105 331 4154 1
413 4085 550 4150 XXXI.
577 4083 717 4151 Senatus
735 4083 915 4148 consultum
934 4082 1008 4146 inde
1026 4080 1148 4144 factum
1166 4091 1225 4158 est,
1245 4090 1281 4144 ut
1297 4097 1359 4142 con-

350 4182 434 4245 sales
451 4181 534 4244 iuter
555 4200 589 4243 se
611 4177 789 4265 provincias
806 4175 933 4240 Italiam
951 4195 981 4240 et
1000 4174 1226 4238 Macedoniam
1246 4189 1360 4255 comps·

347 4289 454 4340 rorent
463 4273 703 4340 sortirenturret
716 4271 769 4336 eui
778 4269 968 4336 Macedonia
978 4268 1169 4344 obventset,
1184 4281 1218 4331 ut
1227 4267 1255 4331 is
1264 4279 1359 4349 regem
