3359 5092
349 533 412 600 172
554 543 673 601 LIBER
688 542 846 614 XXXXV,
865 543 908 598 23.
922 543 965 598 24
985 543 1171 614 [amabili]

349 713 474 771 constat
489 713 655 786 tamquam
665 698 704 766 Ο.
713 700 871 786 Popillius
888 701 1015 786 legatus
1028 700 1206 778 Romanus,
1225 719 1321 784 quem
1337 700 1370 765 ad

349 797 597 866 summovendos
620 819 641 862 a
662 796 748 861 bello
765 794 965 861 Antiochum
987 805 1020 860 et
1036 794 1263 862 Ptolemaeum
1288 816 1369 881 reges

299 893 494 972 remisistis,
522 893 716 976 loqueretur.
765 890 823 955 sed
844 900 953 955 tamen
976 912 1016 955 ea
1042 888 1110 954 sive
1134 888 1286 976 superbia
1312 889 1368 955 sive

349 986 483 1053 stultitia
500 984 692 1072 appellanda
709 994 771 1061 est,
798 984 927 1064 eadem,
954 1005 1037 1068 quae
1055 994 1136 1069 aput
1151 1006 1226 1061 vos,
1254 993 1287 1049 et
1303 994 1367 1069 aput

299 1105 332 1154 14
348 1081 470 1147 Persea
485 1079 556 1143 fuit.
601 1091 668 1143 tam
685 1077 862 1144 civitatium
879 1100 978 1163 quam
995 1077 1198 1164 singulorum
1214 1078 1365 1143 hominum

347 1196 452 1240 mores
466 1184 540 1240 sunt
544 1197 554 1250 3
572 1181 684 1259 gentes
698 1193 826 1256 quoque
840 1172 922 1238 aliae
935 1172 1119 1250 iracundae,
1135 1172 1217 1238 aliae
1231 1171 1364 1248 audaces,

348 1270 507 1355 quaedam
524 1267 668 1343 timidae,
685 1266 720 1332 in
737 1267 863 1344 vinum,
885 1268 919 1332 in
936 1267 1098 1334 Venerem
1115 1267 1282 1354 proniores
1299 1266 1363 1331 aliae
1396 1291 1398 1296 ·

298 1389 329 1437 15
348 1375 432 1429 sunt.
468 1362 714 1429 Atheniensium
730 1362 886 1448 populum
908 1362 997 1427 fama
1014 1372 1063 1428 cst
1080 1362 1217 1428 celerem
1234 1372 1268 1427 et
1284 1381 1363 1446 supra

346 1460 430 1525 vires
464 1458 619 1523 audacem
651 1477 722 1522 esse
752 1457 795 1522 ad
825 1458 1021 1534 conandum,
1047 1456 1361 1523 Lacedaemoniorum
1394 1513 1399 1522 .

298 1576 329 1624 ic
348 1563 566 1619 cunctatorem
583 1562 616 1618 et
628 1552 683 1616 vix
695 1550 730 1616 in
743 1574 792 1627 ea,
810 1550 928 1636 quibus
945 1551 1026 1629 fidit,
1045 1549 1288 1637 ingredientem.
1312 1570 1362 1614 non

346 1646 531 1733 negaverim
547 1656 582 1712 et
602 1655 702 1711 totam
720 1646 820 1711 Asiae
840 1646 1006 1732 regionem
1031 1645 1177 1711 inaniora
1199 1668 1309 1732 parere
1326 1643 1362 1707 in·
1394 1649 1398 1656 “

347 1740 443 1828 genia
468 1752 501 1807 et
525 1750 706 1806 nostrorum
736 1740 940 1806 tumidiorem
971 1763 1149 1806 sermonem
1176 1763 1263 1817 esse,
1294 1735 1361 1823 quod
1395 1799 1398 1806 .

347 1836 503 1902 excellere
524 1835 608 1901 inter
628 1833 779 1899 finitimas
798 1834 942 1902 civitates
959 1835 1141 1913 videamur,
1168 1851 1202 1900 et
1222 1835 1258 1899 id
1274 1834 1361 1920 ipsun

346 1952 412 1995 non
433 1941 499 1996 tam
521 1930 642 1995 viribus
659 1930 774 1995 nostris
793 1951 891 2015 quam
912 1932 1026 1997 vestris
1049 1929 1224 1995 honoribus
1243 1953 1281 1996 ac
1296 1926 1361 1993 iudi-

297 2047 328 2096 17
347 2027 414 2092 oiia.
459 2025 535 2090 satis
562 2025 693 2109 quidem
719 2035 752 2091 et
777 2037 855 2091 tunc
879 2026 914 2091 in
939 2025 1122 2111 praesentia
1148 2025 1303 2112 castigata
1320 2022 1360 2086 illa

346 2122 466 2209 legatio
484 2132 566 2199 erat,
591 2143 665 2186 oum
681 2132 748 2186 tam
771 2120 853 2187 tristi
870 2144 1024 2208 responso
1042 2132 1148 2188 vestro
1167 2122 1306 2186 dimissa
1340 2116 1361 2181 si

346 2227 416 2282 tum
440 2239 555 2303 parum
575 2215 770 2303 ignominiae
791 2238 928 2302 pensum
946 2227 1009 2295 est,
1035 2215 1115 2283 haec
1133 2228 1220 2282 certe
1238 2228 1303 2281 tam
1317 2212 1360 2279 mi·

348 2312 491 2377 serabilis
508 2334 546 2377 ac
564 2312 700 2397 supplex
716 2311 834 2397 legatio
853 2312 950 2378 etiam
967 2311 1192 2391 insolentioris,
1210 2333 1307 2396 quam
1319 2308 1360 2374 ills

297 2423 329 2473 18
345 2406 416 2483 fuit,
435 2406 601 2493 legationis
619 2405 696 2470 satis
713 2428 868 2492 magnum
885 2406 1050 2492 piaculum
1063 2418 1156 2473 esset.
1185 2406 1359 2493 superbiam,

346 2502 516 2567 verborum
534 2500 735 2587 praesertim,
761 2500 906 2566 iracundi
927 2503 1077 2580 oderunt,
1104 2502 1280 2587 prudentes
1302 2497 1360 2564 inr'r

347 2596 433 2675 dent,
451 2595 563 2680 utique
576 2596 604 2661 si
620 2594 777 2661 inferioris
791 2596 944 2662 adversus
959 2598 1153 2682 superiorem
1168 2609 1233 2674 est3
1253 2590 1359 2683 capitali

298 2709 327 2757 19
345 2712 451 2776 poena
475 2711 570 2755 nemo
596 2710 750 2775 umquam
776 2690 908 2777 dignam
937 2691 1101 2757 iudicavit.
1153 2690 1190 2755 id
1216 2691 1358 2757 enimvero
1389 2691 1399 2738 1

345 2784 524 2870 periculum
542 2793 620 2860 erat,
637 2806 678 2848 ne
687 2783 851 2850 Romanos
868 2784 987 2850 Rhodii
1005 2796 1256 2851 contemnerent.
1283 2784 1357 2851 edm

347 2878 424 2944 deos
442 2877 541 2961 aliqui
559 2879 664 2945 verbis
681 2880 889 2946 ferocioribus
906 2880 1082 2968 increpant,
1100 2904 1161 2949 neo
1178 2882 1253 2949 ideo
1269 2901 1357 2968 quen·

347 2995 445 3058 quam
462 2973 594 3040 fulmine
611 2974 711 3039 ictum
728 2976 886 3041 andimus.

313 3086 327 3133 1
410 3068 567 3134 XXIIII.
595 3067 685 3151 Quid
702 3068 801 3155 igitur
814 3081 954 3158 superat,
973 3071 1061 3156 quod
1074 3094 1262 3158 purgemus,
1280 3072 1355 3138 sina

345 3164 467 3230 factum
488 3163 603 3229 hostile
625 3164 727 3230 ullum
752 3176 897 3230 nostrum
920 3176 969 3230 est
993 3163 1056 3252 [et]
1080 3165 1182 3233 verba
1209 3166 1354 3234 tumidiora

344 3258 443 3345 legati
464 3258 641 3324 offensione
662 3259 787 3324 aurium
807 3282 873 3325 non
894 3260 1069 3346 perniciem
1093 3261 1232 3329 civitatis
1253 3279 1354 3329 meruc-

312 3354 439 3418 2runt?
473 3352 645 3418 voluntatis
675 3364 802 3420 nostrae
834 3354 951 3421 tacitae
981 3356 1072 3421 velut
1096 3355 1188 3422 litem
1219 3350 1353 3424 aestimed

345 3446 460 3512 vestris
485 3447 568 3513 inter
598 3469 656 3513 vos
682 3450 882 3515 sermonibus
915 3451 1026 3528 audio,
1057 3462 1165 3537 patres
1193 3446 1352 3536 conscript:

344 3540 463 3606 favisse
479 3562 539 3606 nos
555 3542 625 3627 regi
642 3552 674 3608 et
690 3543 781 3608 illum
795 3544 923 3611 vincere
938 3545 1098 3622 maluisse,
1116 3545 1191 3611 ideo
1204 3546 1287 3613 bello
1302 3561 1353 3631 per·

312 3653 327 3702 8
345 3635 524 3719 sequendos
542 3659 612 3702 esse
630 3637 767 3703 credunt
785 3639 838 3703 alii
844 3663 854 3717 3
882 3637 967 3726 [alii]
986 3645 1128 3707 vestrum
1150 3642 1289 3708 voluisse
1304 3634 1352 3725 qui

345 3728 419 3794 dem
436 3751 496 3795 nos
514 3729 590 3808 hoc,
613 3753 678 3795 non
695 3742 802 3797 tamen
822 3734 864 3798 ob
882 3734 916 3798 id
933 3732 1018 3799 bello
1035 3736 1275 3821 persequendos
1291 3749 1352 3802 ead

344 3846 449 3909 neque
466 3824 608 3889 moribus
625 3847 730 3911 neque
750 3827 877 3913 legibus
894 3828 992 3893 ullius
1008 3830 1145 3897 civitatis
1162 3831 1210 3898 ita
1225 3847 1353 3918 oonpan·

345 3927 414 3984 tum
432 3941 512 3999 csse,
530 3929 567 3986 ut
585 3919 611 3985 si
629 3922 684 4005 qui
701 3922 779 3989 velit
796 3922 962 3989 inimicum
978 3926 1093 4011 perire,
1112 3926 1141 3991 si
1157 3928 1239 3993 nihil
1255 3921 1353 3996 secent,

311 4033 409 4099 equo
426 4014 461 4079 id
477 4015 548 4094 fiat,
571 4016 683 4101 capitis
701 4016 880 4085 damnetur.
923 4019 989 4098 his,
1016 4020 1072 4104 qui
1089 4041 1148 4087 nos
1165 4044 1285 4108 poena,
1307 4037 1354 4084 non

345 4108 476 4175 crimine
501 4109 652 4188 liberent,
683 4112 819 4197 gratiam
841 4113 972 4197 quidem
997 4114 1169 4194 habemus,
1196 4117 1258 4203 ipsi
1282 4110 1354 4181 nom

344 4200 427 4267 hanc
444 4204 578 4271 dicimus
596 4206 716 4293 legem:
742 4208 770 4272 si
787 4230 899 4276 omnes
916 4209 1076 4275 voluimus
1094 4211 1183 4296 quod
1202 4211 1355 4298 arguimur,

345 4316 410 4361 non
427 4297 651 4387 distinguimus
675 4302 873 4369 voluntatem
890 4327 911 4370 a
933 4304 1034 4383 facto,
1052 4326 1164 4372 omnes
1182 4307 1355 4394 plectamur
