3359 5092
353 536 378 602 6
551 543 830 612 mmm,
848 544 875 598 d
890 544 915 598 ἶ.
934 543 1189 616 ζιιιδῖίδπ]

294 753 298 758 -
355 704 512 771 Turdus
501 727 537 767 in
548 701 751 768 contionibus
765 701 944 766 humarent
960 702 1224 788 rogationemque
1242 708 1375 789 promul-

355 817 485 888 garent,
514 821 556 864 ne
581 797 726 861 Manlius
755 817 828 904 ραι
859 795 933 860 idus
958 795 1166 861 Martias—
1191 812 1410 910 prorogatae

354 916 493 979 namque
518 891 738 958 consulibus
727 913 793 954 iam
816 890 852 954 in
877 914 997 955 annum
1021 892 1205 978 provinciae
1232 867 1410 960 erant-

352 992 522 1079 nnperinm
547 990 713 1064 retineret,
741 988 791 1052 uti
815 1008 947 1051 crunni
972 988 1133 1097 msmplo
1159 988 1282 1068 dicere,
1308 1012 1371 1056 cun

320 1088 472 1155 subisset
488 1085 693 1170 magistratu,
709 1099 833 1169 ponet,
854 1081 930 1147 huic
945 1101 1105 1168 romoni
1122 1081 1166 1165 Q,
1184 1084 1299 1151 Aelius
1316 1085 1370 1151 col·

352 1183 426 1270 lega
454 1179 633 1246 intercessit
657 1178 848 1264 magnisque
874 1177 1129 1242 contentiombns
1155 1178 1310 1257 obtinuit,
1337 1202 1369 1244 ne

351 1277 556 1364 perferretur.

318 1393 336 1439 4
416 1369 484 1436 Per
499 1392 555 1434 eos
577 1368 646 1433 dies
663 1366 715 1430 Ti.
734 1364 944 1451 Sempronius
963 1362 1130 1431 Grscelius
1153 1379 1186 1432 et
1203 1366 1246 1431 L.
1264 1366 1368 1433 Postu-

350 1465 436 1531 mius
452 1463 594 1528 Albinus
611 1484 653 1526 ex
668 1459 829 1545 Hispanis
845 1458 984 1524 Romani
1002 1483 1076 1526 cum
1092 1462 1312 1539 revertissent,
1328 1484 1368 1527 se-

350 1575 445 1625 natus
461 1560 502 1623 iis
519 1555 731 1623 adL'fitinio
747 1573 895 1640 praetore
911 1554 1006 1620 datus
1022 1555 1057 1620 in
1073 1555 1367 1623 sedeBellonaeid

352 1653 552 1718 disserendas
577 1673 629 1715 res
651 1671 732 1733 quas
752 1649 928 1735 gessissent
948 1651 1220 1735 postulandosque
1243 1652 1367 1719 bonores

349 1748 480 1813 meritos
497 1742 561 1832 [et]
579 1755 616 1808 ut
632 1744 693 1807 diis
709 1743 931 1809 inmortalibus
947 1744 1120 1811 haberetur
1135 1744 1250 1811 honos.

316 1862 333 1910 5
414 1840 541 1906 Eodem
566 1851 710 1923 tempore
735 1838 828 1903 etin
850 1835 1000 1903 Sardinia
1025 1862 1180 1925 mgnum
1206 1842 1368 1906 tumultum

350 1959 421 2002 esse
436 1935 537 2001 literis
554 1933 595 1997 T.
611 1933 747 1998 Aebutii
762 1934 918 2018 praetoris
936 1934 1101 2019 cognitum
1118 1947 1177 2011 est,
1195 1956 1280 2019 quas
1296 1936 1369 2000 filius

316 2050 332 2098 t
350 2031 419 2096 eius
435 2029 478 2094 ad
495 2043 641 2094 senatum
658 2027 827 2093 adtulerat.
861 2027 996 2094 Ilienses
1013 2028 1170 2093 adiunctis
1188 2029 1370 2095 Balarorum

350 2125 477 2189 auxiliis
497 2137 647 2210 pacatam
667 2122 866 2208 provinciam
886 2122 1069 2188 invaserant
1090 2144 1151 2189 nec
1167 2124 1215 2188 eis
1237 2123 1371 2189 invalido

349 2220 492 2285 exercitu
508 2231 542 2285 et
558 2241 677 2304 magna
692 2229 784 2303 parte
799 2217 982 2303 pestilentia
998 2218 1168 2304 absumpto
1186 2219 1292 2285 resisti
1308 2230 1371 2305 pot·

316 2335 330 2381 t
349 2329 427 2381 erat.
470 2316 585 2383 eadem
602 2327 635 2380 et
653 2312 829 2381 Sardorum
851 2314 950 2399 legati
971 2314 1163 2379 nuntiabant
1179 2327 1324 2393 orantes,
1340 2325 1371 2379 ut

349 2410 483 2476 urbibus
509 2411 622 2475 saltem
642 2445 687 2455 —
711 2409 778 2473 iam
803 2408 888 2474 enim
914 2430 1010 2493 agros
1035 2408 1217 2495 deploratos
1243 2432 1312 2476 esse
1332 2444 1372 2455 —

348 2527 443 2592 opem
468 2519 598 2571 senatus
626 2503 733 2569 ferret
784 2502 866 2568 haec
891 2503 1009 2588 legatio
1031 2513 1198 2587 totumque
1221 2504 1308 2588 quod
1332 2503 1370 2567 ad

350 2598 533 2667 Sardiniam
550 2598 730 2685 pertinebat
746 2597 788 2662 sd
805 2619 906 2662 novos
923 2598 1128 2684 magistratus
1145 2599 1302 2665 reiectum
1318 2610 1370 2664 est.

315 2712 330 2760 ⁸
412 2696 528 2778 Aeque
544 2692 733 2758 miserabilis
750 2693 868 2778 legatio
877 2692 1064 2777 Lyciorum,
1080 2694 1137 2777 qui
1155 2694 1370 2761 crudelitatem

348 2787 558 2863 Rhodiorum,
568 2786 685 2870 quibus
694 2786 736 2850 ab
744 2787 786 2850 L.
793 2785 944 2854 Cornelio
955 2786 1104 2874 Scipione
1114 2788 1269 2854 adtributi
1278 2801 1370 2864 erant,

315 2882 577 2967 aquerebantur:
604 2881 704 2947 fuisse
730 2882 792 2946 sub
814 2883 939 2950 dicione
960 2883 1128 2960 Antiochi3
1155 2906 1228 2949 eam
1253 2885 1369 2970 regiam
1408 2881 1410 2904 ²

348 2976 533 3042 servitutem
547 2976 706 3041 conlatam
714 2998 788 3042 cum
801 2978 962 3063 praesenti
970 2989 1056 3043 statu
1067 2977 1267 3063 praeclaram
1282 2979 1368 3043 liber·

348 3082 446 3137 tatem
463 3071 574 3136 visam.
618 3092 684 3136 non
699 3071 828 3157 publice
846 3083 971 3137 tantum
984 3096 1020 3139 se
1037 3072 1138 3158 premi
1155 3072 1301 3158 imperio,
1318 3070 1367 3137 sed

298 3183 330 3232 10
348 3167 490 3254 singulos
507 3166 627 3231 iustum
645 3166 713 3252 pati
734 3167 909 3232 servitium.
952 3167 1043 3232 iuxta
1060 3189 1105 3242 se,
1123 3166 1278 3253 coniuges
1295 3167 1365 3233 libe·

346 3282 464 3345 rosque
477 3260 597 3338 vexari,
613 3261 649 3325 in
663 3282 789 3347 corpus,
806 3262 841 3326 in
854 3273 982 3349 tergum
995 3260 1121 3337 saeviri,
1138 3260 1271 3339 famam,
1290 3257 1364 3345 quod

345 3356 513 3441 indignum
530 3356 581 3431 sit,
599 3355 753 3420 maculari
767 3355 1033 3440 dehonestarique
1047 3367 1080 3421 et
1095 3355 1203 3440 palam
1221 3378 1272 3421 res
1286 3354 1362 3420 odio

346 3471 398 3514 sas
420 3449 488 3514 deri
509 3449 587 3513 iuris
610 3450 705 3515 etiam
726 3450 902 3535 usurpandi
920 3472 1033 3527 causa,
1055 3473 1096 3515 ne
1118 3472 1177 3534 pro
1200 3450 1299 3515 dubio
1315 3448 1361 3512 ha-

348 3543 443 3609 beant
459 3542 538 3608 nihil
554 3543 636 3608 inter
654 3565 688 3608 se
706 3554 739 3608 et
755 3555 888 3631 argento
905 3556 1017 3630 parata
1033 3544 1194 3629 mancipia
1210 3544 1359 3609 interesse·

296 3653 326 3702 ιι
346 3649 450 3704 motus
472 3638 521 3703 his
544 3648 673 3704 senatus
694 3638 744 3704 litt
731 3650 814 3705 teras
832 3639 943 3724 Lyciis
967 3639 1010 3704 ad
1026 3638 1170 3705 Rhodios
1188 3638 1291 3715 dedit,
1311 3652 1358 3702 nec

346 3732 465 3844 Lycios
488 3732 622 3799 Rhodiis
644 3755 705 3800 nec
730 3734 813 3800 ullos
839 3734 894 3799 alii
915 3733 1079 3818 cuiquam,
1106 3732 1163 3818 qui
1187 3734 1256 3798 nati
1281 3725 1358 3797 liberi

296 3843 327 3891 12
346 3828 423 3905 sint,
444 3827 478 3892 in
496 3828 682 3895 servitutem
699 3828 768 3893 dari
785 3828 926 3913 placei-c:
949 3827 1098 3915 Lycios
1087 3838 1133 3893 ita
1150 3827 1212 3892 sub
1230 3825 1358 3895 Rhodio·

345 3945 416 3988 runi
443 3922 566 3987 simul
557 3923 690 4010 imperio
713 3934 745 3989 et
766 3923 866 3989 tutela
888 3946 972 4001 esse,
998 3934 1035 3989 ut
1059 3922 1093 3988 in
1114 3922 1240 3989 dicione
1262 3911 1359 4009 populi

345 4017 482 4084 Romani
500 4018 642 4083 civitates
661 4018 765 4083 socias
784 4019 855 4083 sint.

311 4128 324 4175 1
407 4113 484 4180 vii.
512 4111 681 4197 Triumphi
700 4112 814 4179 deinde
832 4136 873 4178 ex
885 4114 1044 4199 Hispania
1061 4112 1126 4178 duo
1139 4112 1282 4177 continui
1299 4106 1363 4176 acti·

343 4204 429 4288 prior
452 4204 660 4291 Sempronius
684 4203 851 4273 Gracchus
875 4208 915 4275 de
940 4206 1110 4275 Celtiberis
1132 4205 1292 4291 sociisque
1317 4223 1365 4268 eo-

310 4315 324 4364 i
342 4319 429 4377 rum,
459 4310 586 4385 postero
614 4299 665 4365 die
692 4298 734 4365 L.
760 4299 948 4368 Postumius
979 4303 1019 4369 de
1044 4300 1211 4367 Lusitanis
1238 4298 1366 4383 aliisque
