3359 5092
327 543 370 608 42
524 555 649 611 LIBER
665 554 825 625 xxm,
843 555 944 611 1218.
962 559 1078 622 [auc.
1085 555 1157 626 δῶ]

327 727 423 781 tunae
440 713 558 779 facient
558 713 629 777 ibus
647 711 688 776 ad
711 733 821 796 regem
837 710 1001 796 profectus
1024 712 1118 780 brevi
1134 712 1335 800 perinmibuis
1367 733 1375 796 l

327 810 437 875 haberi
459 807 604 893 trahique
626 806 728 891 magis
750 828 848 890 quam
865 805 992 871 vellet
981 830 1017 871 ιιι
1040 829 1181 874 mounes
1197 829 1336 878 sermm
1371 879 1375 892 ,

294 916 377 971 sest
393 914 534 989 coeptus.
577 900 741 986 promissis
764 900 851 965 enim
872 898 1062 986 ingentibus
1075 902 1232 987 praemiis
1250 913 1336 990 pene

327 998 439 1063 rnstitit
452 998 493 1061 ab
507 1017 544 1060 eo
558 1018 625 1072 rex,
640 994 792 1078 quoniam
806 994 905 1059 duces
918 1015 1030 1062 omnes
1043 993 1336 1083 legatiqueRomui

327 1092 463 1178 hospitio
478 1091 546 1156 eius
560 1089 607 1154 uti
620 1089 816 1165 adsuessent,
835 1087 953 1171 quibus
966 1110 1081 1155 eorum
1091 1090 1166 1178 ipse
1179 1090 1335 1180 scrips‘usd

294 1204 308 1251 6
325 1199 361 1252 ut
379 1207 538 1251 venenum
560 1182 700 1247 dandum
722 1192 862 1247 curaret:
889 1182 981 1247 euius
1003 1183 1086 1251 scire
1103 1207 1140 1252 se
1157 1185 1335 1274 conparatis·

326 1304 399 1347 nem
423 1279 598 1392 plurimum
625 1276 819 1342 difficultatis
846 1288 878 1342 et
903 1277 1039 1362 periculi
1063 1279 1189 1350 babere
1213 1281 1334 1370 plrnrbu
1366 1277 1367 1289 ¹

327 1375 475 1452 consciis3
502 1372 665 1458 conparati
682 1383 832 1438 eventum
854 1369 1093 1461 praeterea[m'
1092 1371 1146 1461 ]
1134 1391 1260 1444 incerto
1275 1397 1333 1453 essa

327 1481 364 1534 ut
381 1481 437 1535 aut
453 1492 489 1533 sa
490 1468 530 1533 tis
490 1466 686 1533 tefficacia
700 1466 741 1530 ad
759 1488 826 1531 rem
840 1488 942 1552 perag
921 1468 1060 1533 cendam
1073 1480 1132 1536 aut
1147 1481 1224 1537 tnta
1235 1469 1276 1538 sd
1284 1491 1333 1536 ru

294 1580 307 1624 ι
328 1564 492 1630 celandum
518 1562 642 1627 dentur.
687 1584 720 1625 se
747 1561 897 1626 daturum
919 1562 1007 1646 quod
1026 1585 1090 1630 nec
1110 1564 1147 1631 in
1169 1565 1275 1632 dando
1292 1583 1333 1632 nst

293 1672 308 1720 8
327 1659 437 1724 datum
454 1657 519 1723 ullo
537 1657 627 1743 signo
646 1656 798 1742 deprendi
814 1668 933 1744 posset
976 1657 1149 1726 Rammius
1166 1661 1294 1740 vesitus,
1305 1679 1332 1726 ut

327 1753 353 1818 si
371 1752 547 1829 abnuisset,
577 1750 699 1837 primus
729 1752 797 1836 ipse
828 1751 945 1817 veneni
975 1752 1235 1839 experimentum
1262 1763 1331 1830 end,

326 1846 485 1911 facturum
510 1846 667 1932 pollicitus
692 1844 913 1931 proficiscitur.
963 1868 1024 1912 uec
1044 1847 1258 1916 Brundisium
1279 1858 1331 1916 suls

326 1941 429 2006 redire
446 1962 543 2025 quam
561 1951 716 2005 convento
735 1936 774 2004 O.
793 1940 925 2007 Valerio
942 1940 1060 2027 legato,
1077 1943 1136 2028 qni
1153 1944 1242 2012 eirca
1257 1941 1332 2012 Obsi·

293 2046 307 2093 9
327 2035 430 2101 cidem
456 2057 525 2100 esse
545 2034 724 2110 dicebatur,
751 2034 862 2099 voluit.
906 2036 949 2101 ad
974 2058 1049 2102 eum
1074 2038 1220 2125 primum
1238 2035 1331 2106 indo)

326 2127 447 2207 delato,
473 2130 563 2194 iussu
585 2129 653 2194 eius
675 2129 813 2194 Romam
835 2129 931 2196 simul
952 2130 1050 2197 venit.
1093 2131 1331 2202 introductusiu

326 2223 460 2299 curiam,
478 2244 561 2306 quae
580 2232 651 2287 acta
667 2234 772 2301 erant,
791 2225 947 2308 exposuit.

293 2330 305 2376 1
388 2317 522 2384 XVIII.
548 2318 640 2383 Haec
658 2316 699 2381 ad
717 2340 756 2383 ea
769 2339 853 2402 quae
866 2318 1331 2390 abEumenedeletaetenlst·

326 2434 462 2488 cessere,
481 2433 546 2496 quo
562 2411 717 2476 maturius
734 2412 815 2477 host
793 2424 834 2478 trs
850 2413 991 2480 Perseus
1007 2415 1221 2494 iudicaretur,
1237 2414 1332 2504 quippe

324 2528 421 2591 quem
434 2529 499 2572 non
512 2507 631 2571 iustum
645 2506 741 2571 modo
756 2530 910 2593 apparare
928 2509 1050 2575 bellum
1060 2510 1153 2598 regio
1162 2513 1280 2592 animo,
1292 2503 1332 2578 sti

324 2623 382 2687 per
404 2601 511 2666 omnia
533 2601 728 2666 clandestina
750 2603 889 2687 grassari
913 2604 1034 2669 scelera
1053 2559 1294 2674 latrociniorum
1307 2621 1333 2670 st

291 2695 551 2762 tvenefioiorum
582 2694 765 2760 cernebant.
818 2695 894 2760 belli
926 2697 1161 2766 administratio
1187 2701 1232 2768 ad
1254 2717 1332 2774 nom

325 2790 471 2856 consules
497 2789 614 2854 reiecta
640 2800 703 2866 est3
729 2789 762 2853 in
785 2792 968 2874 praesentia
987 2804 1096 2860 tamen
1114 2792 1180 2862 Cn.
1199 2793 1333 2864 Sicinius

324 2894 513 2970 praetorem,
531 2883 622 2948 cuius
639 2883 721 2949 inter
735 2883 820 2948 cives
835 2895 867 2949 et
884 2888 1069 2974 peregrinos
1082 2887 1263 2958 iurisdictio
1275 2897 1333 2966 ud.

291 2979 461 3045 ascribere
491 2977 607 3044 milites
637 2978 771 3064 placuit,
807 2980 864 3062 qui
885 2981 1095 3049 Brundisium
1126 2984 1220 3052 ducti
1251 2985 1334 3074 print

324 3095 450 3159 quoque
473 3084 615 3159 tempore
632 3072 871 3160 Apolloniam
861 3099 895 3140 m
917 3076 1055 3163 Epirum
1078 3073 1334 3148 traicerenturel

324 3167 525 3255 occupandas
551 3168 724 3234 maritimas
746 3169 858 3246 urbes,
884 3172 941 3237 ubi
963 3173 1088 3250 consul,
1114 3175 1170 3240 cui
1190 3171 1334 3263 provin&

323 3262 516 3330 Macedonia
538 3262 732 3340 obvenisse,
758 3264 893 3330 classem
916 3267 1074 3353 appellere
1096 3278 1170 3334 tuto
1193 3281 1227 3337 et
1246 3267 1338 3356 copi!

289 3379 380 3447 sper
398 3358 601 3426 commodum
624 3381 782 3445 exponere
804 3372 922 3446 posset.
964 3359 1131 3429 Eumenes
1154 3361 1334 3450 aliqu-mm

322 3456 470 3543 Aeginae
495 3464 637 3520 retentus
662 3454 841 3541 periculosa
862 3466 896 3520 et
921 3455 1044 3522 difficili
1069 3457 1255 3538 curatione,
1277 3475 1334 3524 cun

321 3552 460 3639 primum
484 3559 553 3615 tuto
578 3548 695 3636 potuit,
721 3547 884 3635 profectus
900 3546 1113 3635 Pergamum,
1139 3564 1269 3639 praeter
1285 3547 1334 3640 pri·

323 3648 440 3714 stinum
468 3644 577 3712 odium
606 3643 725 3710 recenti
751 3643 846 3709 etiam
878 3643 997 3710 scelere
1021 3643 1138 3712 Persei
1169 3645 1333 3714 stimulauit

287 3764 302 3812 5
322 3737 479 3832 [summa]
494 3740 527 3806 vi
539 3739 673 3827 parabat
690 3737 818 3802 bellum.
845 3735 944 3821 legati
957 3759 996 3802 eo
1010 3738 1053 3803 ab
1061 3739 1172 3806 Roma
1187 3739 1334 3829 gratuler

319 3854 378 3918 tes,
396 3835 484 3923 quod
501 3858 519 3903 e
536 3845 625 3900 tanto
641 3832 783 3920 periculo
801 3830 965 3909 evasisset,
982 3837 1162 3919 veneruntj

285 3955 299 4002 e
385 3930 471 3999 Cum
492 3928 741 3996 Macedonicum
762 3925 882 3992 bellum
901 3925 937 3990 in
958 3947 1080 3991 annum
1097 3928 1237 3996 dilatum
1257 3935 1333 4002 seed,

318 4029 432 4096 ceteris
448 4024 648 4113 praetoribus
665 4024 731 4089 iam
746 4021 781 4086 in
796 4019 976 4107 provincias
993 4019 1150 4105 profectis
1166 4025 1219 4091 M.
1235 4023 1332 4092 Inniw

317 4134 350 4186 et
358 4123 416 4209 Sp.
427 4120 610 4197 Lucretius,
627 4118 743 4203 quibus
752 4114 929 4201 Hispaniae
940 4115 1127 4201 provinciae
1140 4119 1332 4192 obvenerint,

317 4210 481 4294 fatigantis
499 4236 594 4301 saepe
610 4214 697 4280 idem
714 4209 852 4298 petendo
869 4221 1031 4288 senatum,
1054 4212 1190 4281 undem
1206 4213 1332 4302 pervios·

316 4309 400 4370 tunt,
413 4317 450 4368 ut
464 4307 721 4394 supplementum
729 4304 791 4372 sibi
800 4303 841 4371 ed
855 4303 1031 4371 exercitum
1040 4304 1176 4376 duretur
1187 4309 1250 4376 tria
1259 4305 1333 4376 milit
