3359 5092
346 521 411 590 140
563 531 681 592 LIBER
697 531 887 603 ΧΧΧΧΠΠ,
904 532 947 588 35.
966 535 1044 600 [au
1055 547 1079 588 o.
1089 532 1154 603 586]

345 694 418 758 bilis
431 694 501 779 ripa
514 692 690 768 videbatur,
705 701 736 756 et
750 689 1069 777 praeterquamquod
1082 701 1241 758 tormenta
1253 692 1352 777 ubique

346 787 499 874 disposita
515 799 634 864 esseut,
657 785 831 850 missilibus
854 785 951 850 etiam
968 785 1082 850 melius
1101 795 1133 852 et
1155 786 1287 854 certiore
1301 787 1353 852 ictu

297 903 329 953 10
346 881 445 946 hostis
460 880 507 945 uti
521 880 673 946 audierat.
701 880 764 944 alio
778 879 944 965 spectabat
961 901 1051 944 mens
1064 891 1132 946 tota
1146 880 1247 959 ducis,
1265 880 1353 945 dimis-
1387 881 1392 888 ”

346 996 445 1060 soque
467 973 597 1040 consilio
617 973 797 1040 Perraebos
819 985 1011 1039 mercatores
1036 970 1184 1039 Coenum
1206 986 1238 1040 et
1258 974 1353 1040 Meno
1385 1001 1387 1006 ·

345 1069 483 1156 philum,
509 1079 604 1134 notae
627 1080 659 1135 et
679 1068 754 1133 fidei
775 1068 841 1133 iam
864 1067 981 1133 sibiet
1005 1067 1196 1153 prudentias
1219 1067 1352 1144 homines,

347 1165 515 1230 accersitos
542 1175 664 1230 secreto
690 1173 932 1250 percunctatur,
959 1163 1070 1247 quales
1097 1162 1140 1227 ad
1166 1162 1353 1229 Perrscbian

297 1281 327 1327 11
346 1259 497 1324 transitus
514 1258 587 1323 sint.
613 1281 687 1323 cum
704 1257 775 1323 loca
791 1279 857 1322 non
874 1256 985 1341 iniqua
997 1279 1067 1322 esse
1085 1256 1238 1335 dicerent,
1255 1257 1353 1343 praesi-

346 1353 406 1417 diis
425 1364 532 1418 autem
554 1355 639 1439 regis
658 1352 811 1429 obsideri,
829 1374 920 1438 spem
938 1352 1036 1438 oepit,
1055 1351 1082 1417 si
1099 1363 1194 1418 nocte
1212 1352 1352 1437 inproviso

347 1448 454 1512 valida
470 1471 570 1512 manu
587 1447 758 1533 adgressus
770 1447 990 1532 necopinantis
1003 1458 1097 1524 esset,
1115 1446 1199 1512 deici
1216 1446 1353 1532 praesidia

297 1560 328 1609 12
346 1564 455 1628 posse:
477 1543 583 1608 iacula
600 1543 685 1607 enim
702 1554 735 1607 et
756 1542 889 1627 sagittas
907 1553 940 1607 ot
961 1551 1066 1608 cetera
1084 1541 1218 1608 missilia
1235 1541 1269 1606 in
1286 1553 1353 1606 tene

346 1637 426 1713 bris,
449 1636 505 1700 ubi
527 1636 605 1720 quid
622 1644 750 1722 petatur
770 1637 882 1722 procul
899 1636 1059 1721 provideri
1078 1645 1232 1720 nequeat,
1250 1634 1353 1700 inutilis

347 1752 432 1808 esse3
454 1730 561 1816 gladio
584 1730 759 1796 comminus
782 1731 851 1815 geri
869 1753 937 1796 rem
954 1730 987 1794 in
1007 1730 1165 1815 permixta
1181 1729 1290 1807 turba,
1306 1747 1352 1813 quo

298 1841 328 1889 1³
346 1824 436 1889 miles
454 1824 619 1889 Romanus
640 1824 756 1888 vincat.
805 1824 854 1888 his
877 1823 1012 1888 ducibus
1036 1846 1168 1901 usurus,
1195 1834 1352 1908 praetorem

348 1916 521 1983 Octavium
544 1918 731 1983 accersitum
749 1919 908 2004 exposito,
926 1917 1004 2003 quid
1021 1928 1162 2002 pararet,
1186 1917 1352 1983 Heraclium

348 2033 421 2076 cum
434 2012 536 2076 classe
548 2023 656 2096 petere
673 2012 763 2077 iubet
776 2023 807 2077 et
821 2011 908 2077 mille
925 2011 1107 2076 hominibus
1123 2011 1237 2077 decem
1250 2012 1351 2077 dierun

299 2124 331 2171 14
348 2115 439 2170 cocta
456 2105 575 2170 cibaria
592 2105 718 2171 habere.
743 2107 812 2191 ipse
829 2106 870 2170 P.
881 2104 1064 2190 Scipionem
1073 2104 1238 2183 Nasicam,
1256 2104 1296 2188 Q
1303 2104 1328 2170 F
1328 2126 1350 2167 a·

348 2199 437 2264 bium
452 2199 635 2264 Maximum
652 2201 753 2266 lilium
775 2223 869 2265 suum
887 2222 960 2265 cum
978 2200 1119 2283 quinque
1142 2199 1273 2265 delectis
1288 2197 1351 2264 mili

349 2304 417 2358 tum
435 2290 591 2380 [milibus]
611 2294 806 2360 Heracleum
823 2295 933 2371 mittit,
956 2294 1045 2360 velut
1067 2294 1203 2359 classem
1221 2315 1350 2360 conscen·

348 2408 439 2452 suros
461 2387 503 2452 ad
525 2388 727 2453 maritumam
751 2410 840 2453 oram
861 2388 1019 2454 interioris
1037 2388 1264 2464 Macedoniae,
1285 2382 1351 2471 quod

299 2502 329 2549 15
347 2481 381 2546 in
398 2482 528 2548 consilio
547 2482 703 2568 agitatum
720 2492 798 2559 erat,
816 2482 1014 2547 vastandam.
1058 2493 1180 2548 secreto
1197 2482 1351 2550 indicatum

348 2575 467 2640 cibaria
484 2574 533 2640 his
551 2588 740 2662 praeparata
757 2576 799 2640 ad
816 2577 950 2641 classem
968 2598 1053 2653 esse,
1077 2599 1118 2640 ne
1135 2576 1216 2659 qnid
1233 2598 1285 2642 eos
1301 2594 1351 2638 mo·

347 2681 480 2734 raretur.
523 2670 597 2736 inde
618 2671 696 2735 iussi
719 2670 809 2735 ducis
832 2669 954 2735 itineris
974 2670 1021 2735 ita
1045 2669 1187 2735 dividere
1210 2670 1306 2746 viam,
1327 2677 1351 2730 ut

299 2783 330 2831 16
350 2775 463 2846 quarta
485 2764 596 2849 vigilia
617 2764 710 2829 tertio
732 2764 784 2830 die
805 2764 960 2850 Pythium
981 2764 1098 2830 adoriri
1119 2777 1261 2851 possent.
1300 2763 1351 2847 ipa

348 2868 475 2941 postero
499 2856 564 2933 dia,
590 2869 628 2922 ut
650 2858 805 2923 detineret
824 2881 934 2944 regem
952 2859 995 2923 ab
1017 2859 1250 2945 circumspectu
1267 2876 1351 2924 renuo

349 2950 492 3028 aliarum,
504 2950 609 3037 prima
616 2952 687 3017 luce
696 2952 801 3017 medio
809 2953 844 3018 in
853 2955 944 3019 alveo
954 2976 1027 3019 cum
1036 2953 1226 3019 stationibus
1235 2952 1351 3018 hostium

348 3044 504 3130 proelium
521 3044 693 3122 commisit,
716 3058 813 3130 atque
834 3060 1014 3134 pugnatum
1031 3047 1222 3131 utrimquest
1243 3047 1303 3114 levi
1316 3064 1351 3108 ar·

347 3150 483 3204 matura.
526 3162 587 3206 nec
612 3141 812 3227 gravioribus
839 3142 937 3207 armis
959 3142 993 3206 in
1014 3152 1081 3208 tam
1104 3142 1267 3226 inaequali
1283 3141 1351 3206 alveo

300 3256 330 3303 17
348 3235 485 3321 pugnari
510 3246 644 3320 poterat.
689 3237 861 3303 descensus
887 3236 976 3322 ripae
1002 3238 1167 3322 utriusque
1190 3237 1224 3301 in
1248 3238 1352 3302 alveum

349 3339 562 3395 trecentorum
575 3330 675 3396 ferme
688 3336 818 3417 passdm
832 3341 910 3407 erat,
920 3330 1062 3397 medium
1071 3330 1208 3417 spatium
1219 3325 1353 3395 torrentis

349 3422 426 3488 alibi
443 3424 534 3490 aliter
551 3425 665 3502 cavati,
682 3427 778 3511 paulo
794 3426 867 3512 plns
885 3447 982 3509 quam
1000 3427 1086 3492 mille
1103 3447 1217 3511 passus
1236 3423 1354 3511 patebat

302 3538 333 3586 18
350 3517 397 3582 ibi
417 3517 452 3582 in
471 3518 577 3582 medio
600 3521 818 3605 spectantibus
845 3521 1004 3604 utrimque
1031 3542 1072 3585 ex
1092 3520 1177 3584 vallo
1200 3531 1357 3585 castrorum

352 3608 441 3696 [hinc
458 3611 559 3698 rega]
579 3613 655 3680 hinc
672 3616 801 3681 consule
820 3637 894 3681 cum
916 3617 982 3681 suis
999 3614 1179 3701 legionibus
1197 3625 1358 3701 pugnatum

300 3724 331 3772 19
350 3715 407 3770 est
451 3705 623 3773 missilibus
648 3711 759 3795 procul
781 3710 871 3796 regia
893 3710 1011 3775 auxilia
1033 3708 1146 3774 melius
1172 3709 1360 3795 pugnabant;
1395 3771 1397 3782 ,

351 3799 527 3864 comminus
549 3802 691 3869 stabilior
708 3814 741 3870 et
763 3804 861 3869 tutior
879 3815 934 3868 aut
954 3826 1066 3890 parma
1084 3813 1140 3868 aut
1163 3815 1256 3868 scuto
1274 3801 1362 3886 Ligu·

301 3913 333 3961 ao
352 3893 435 3959 stino
444 3894 609 3960 Romanus
618 3910 695 3964 orat.
721 3898 854 3965 meridie
866 3899 934 3964 fere
947 3898 1089 3983 receptui
1099 3898 1171 3963 cani
1185 3897 1253 3963 suis
1267 3891 1364 3963 consul

350 3989 451 4055 iussit.
493 3990 539 4056 ita
564 4012 603 4056 eo
625 3991 676 4058 die
698 3992 890 4079 diremptum
911 3993 1067 4079 proelium
1091 4004 1139 4058 est
1160 3991 1241 4057 haut
1267 3987 1365 4078 paucis

302 4103 331 4149 21
351 4085 511 4170 utrimque
532 4086 716 4154 interfectis.
760 4089 826 4154 sole
844 4099 913 4154 orto
935 4099 1062 4174 postero
1081 4087 1133 4152 die
1154 4087 1293 4152 inritatis
1309 4105 1368 4151 cer·

352 4179 469 4245 tamine
487 4180 600 4246 animis
618 4181 714 4249 etiam
732 4183 835 4249 acrius
854 4204 1044 4249 concursum
1061 4193 1119 4248 est.
1163 4181 1221 4247 sed
1239 4176 1369 4247 Romani

351 4294 416 4336 non
430 4274 472 4338 ab
485 4276 535 4342 his
548 4287 682 4353 tantum,
697 4299 770 4342 cum
782 4277 900 4362 quibus
913 4288 1109 4344 contractum
1123 4289 1288 4344 certamen
1300 4285 1369 4346 crab
