3359 5092
507 543 626 600 ursus
641 543 798 615 xxxxv,
816 544 842 600 t.
855 544 882 600 e.
902 547 940 612 [a
950 542 981 600 c.
991 545 1053 614 168]
1233 532 1296 601 157

291 702 430 788 inperium
450 702 484 766 in
502 702 579 766 orbe
601 712 757 767 terrarum
774 702 993 799 Macedonum
1014 703 1166 769 fecerant
1209 706 1297 792 pullo
1315 728 1332 776 4

288 798 405 862 amictus
423 795 560 861 Perseus
586 795 749 880 ingressus
776 807 824 860 est
846 810 950 862 castra
971 798 1059 862 nullo
1082 820 1213 863 suorum
1236 801 1298 864 alio

286 892 396 968 comite,
413 890 470 973 qui
483 890 588 954 socius
602 889 790 954 calamitatis
803 890 1063 957 miserabiliorem
1077 915 1150 957 eum
1167 893 1297 958 faceret

285 985 420 1071 progredi
446 1006 524 1071 prae
553 984 648 1048 turba
671 984 904 1050 occurrentium
926 987 969 1050 ad
994 987 1213 1071 spectaculum
1233 1009 1298 1052 non

285 1091 411 1165 poterat,
437 1080 539 1143 donec
560 1101 581 1142 a
605 1078 736 1143 consule
760 1079 887 1144 lictores
909 1080 1107 1157 missisunt,
1134 1081 1190 1165 qui
1211 1104 1298 1145 sum·

285 1190 358 1239 uoto
383 1174 444 1239 iter
471 1173 513 1237 ad
538 1173 733 1259 praetorium
758 1173 909 1239 facerent.
954 1176 1152 1241 consurrexit
1177 1176 1331 1253 consido

285 1281 306 1333 et
329 1269 422 1333 iussis
450 1268 560 1333 sedere
587 1268 657 1332 aliis
687 1289 939 1353 progressusque
969 1270 1101 1353 paulum
1126 1269 1299 1335 introeunti

285 1361 341 1447 tegi
362 1362 508 1426 dextram
530 1361 682 1447 porrexit
734 1362 1046 1446 summittentemque
1073 1385 1108 1427 se
1134 1364 1176 1427 ad
1201 1363 1298 1449 pedes

285 1456 415 1533 sustulit,
441 1478 501 1522 nec
525 1455 681 1541 attingere
703 1478 810 1541 genua
826 1479 941 1543 passus
963 1456 1178 1522 introductum
1195 1459 1229 1522 in
1250 1470 1299 1522 ta-

285 1551 480 1615 bernaculum
503 1550 656 1614 adversus
683 1550 854 1616 advocatos
881 1550 915 1614 in
942 1550 1109 1616 consilium
1135 1552 1297 1618 considere

285 1646 373 1710 iussit.

334 1739 431 1805 VIIl.
457 1738 567 1803 Prima
593 1738 790 1825 percontatio
812 1738 888 1814 fuit,
915 1761 979 1824 qua
1005 1741 1156 1807 subactus
1182 1740 1329 1810 iniuria1

285 1847 382 1900 antra
411 1834 567 1920 populum
595 1833 778 1898 Romanum
808 1832 928 1902 bellum
954 1845 1020 1900 tam
1049 1835 1165 1901 infesto
1190 1834 1297 1899 animo

285 1928 472 2015 suscepisset,
482 1949 546 2011 quo
555 1951 589 1993 se
602 1950 801 2013 regnumque
815 1950 910 1992 suum
919 1929 960 1994 ad
969 1930 1117 1996 ultimum
1129 1930 1298 1995 discrimen

285 2024 452 2090 adduceret
479 2044 553 2087 cum
570 2044 758 2108 responsum
776 2024 1017 2108 expectantibus
1037 2024 1158 2090 cunctis
1181 2036 1330 2092 terrama

285 2118 397 2183 ntuens
406 2118 462 2181 diu
471 2117 694 2193 tacitusfleret,
708 2140 835 2181 rursum
845 2117 956 2182 consul
974 2118 1016 2183 ‘si
1028 2119 1153 2184 iuvenis
1162 2141 1298 2204 regnum
1315 2140 1331 2187 3

285 2215 465 2300 accepisses,
488 2214 593 2277 minus
612 2213 759 2297 equidem
778 2214 926 2292 mirarer,
947 2214 1112 2300 ignorasse
1130 2227 1177 2292 te,
1201 2237 1297 2298 quam

285 2311 378 2396 gravis
401 2308 594 2373 autenticus
613 2320 668 2372 aut
691 2308 838 2374 inimicus
857 2320 940 2375 esset
962 2310 1099 2395 populus
1116 2309 1297 2387 Romanus3

285 2427 357 2470 nnnc
374 2426 461 2481 vero,
481 2426 553 2468 cum
566 2415 598 2468 et
618 2405 700 2469 bello
714 2404 813 2490 patris
823 2404 880 2482 tui,
899 2406 986 2488 quod
1002 2405 1169 2469 nobiscum
1186 2404 1296 2488 gessit,
1314 2423 1331 2469 4

285 2496 484 2574 interfuisses,
509 2510 541 2563 et
557 2498 646 2582 pacis
663 2509 788 2584 postea,
811 2519 910 2582 quam
929 2520 1002 2562 cum
1019 2520 1144 2564 summa
1160 2498 1223 2562 fide
1242 2497 1299 2561 ad-

285 2612 382 2659 tersus
401 2615 474 2659 eum
492 2592 658 2670 coluimus,
676 2592 885 2669 meminisses,
904 2590 1007 2679 [quod
1023 2590 1099 2680 fuit]
1119 2592 1297 2668 consilium,

285 2707 408 2772 quorum
426 2699 459 2754 et
475 2688 540 2751 vim
553 2685 616 2773 [in]
627 2688 711 2752 bello
729 2698 761 2753 et
777 2688 875 2752 fidem
891 2688 926 2751 in
943 2709 1023 2773 pace
1037 2697 1187 2772 expertus
1201 2708 1297 2762 esses,

285 2787 389 2848 cumis
408 2782 466 2847 tibi
488 2782 607 2847 bellum
629 2804 812 2866 essequam
834 2804 947 2868 paoem
969 2781 1098 2847 mallel'
1124 2802 1184 2847 nec
1201 2780 1331 2847 inter-5

285 2889 403 2961 rogatus
416 2898 475 2941 nec
489 2885 656 2941 accusatus
669 2898 743 2941 cum
757 2876 973 2961 responderet,
990 2883 1178 2960 ‘utcumque
1191 2889 1298 2939 tamen

285 2965 362 3048 baec,
381 2971 447 3036 sive
466 2992 570 3035 errore
585 2970 725 3034 humano
740 2993 797 3035 seu
812 2993 890 3036 casu
904 2993 961 3036 seu
977 2971 1166 3036 necessitate
1180 2969 1299 3035 incide-

285 3079 357 3142 runt,
374 3067 494 3131 bonum
509 3066 650 3129 animum
663 3065 756 3129 habe.
783 3066 957 3129 multorum
969 3087 1093 3151 regum,
1107 3064 1299 3150 populorum

287 3160 399 3225 casibus
417 3160 546 3245 cognita
562 3159 673 3246 populi
681 3159 817 3224 Romani
832 3159 1001 3225 clementia
1016 3179 1082 3222 non
1098 3157 1194 3221 modo
1208 3178 1297 3239 spem

288 3250 348 3330 tibi,
373 3253 429 3318 sed
450 3275 549 3339 prope
572 3264 692 3317 certam
716 3252 867 3318 fiduciam
891 3252 1001 3317 salutis
1022 3249 1174 3336 praebet'
1218 3249 1331 3317 hacco

290 3343 401 3414 Gracco
419 3369 564 3414 sermone
581 3346 717 3424 Perseo,
739 3348 857 3413 Latine
876 3347 990 3412 deinde
1014 3345 1079 3410 suis
1103 3343 1300 3429 ‘exemplum

289 3436 399 3529 insigne
422 3442 564 3509 cernitis’
591 3442 694 3527 inquit
720 3442 919 3507 ‘mutationis
946 3464 1053 3507 rerum
1077 3442 1298 3505 humanarum.

289 3535 366 3601 vobis
380 3537 440 3602 hoo
453 3539 623 3624 praecipue
639 3537 720 3614 dico,
738 3537 878 3601 iuvenes.
905 3536 977 3600 ideo
991 3536 1025 3600 in
1038 3534 1184 3601 secundis
1202 3534 1298 3598 rebus

290 3627 353 3694 nihil
369 3633 404 3696 in
421 3653 616 3715 quemqnam
637 3632 774 3717 superbe
793 3652 830 3695 ac
848 3630 1002 3695 violenter
1019 3630 1184 3694 consulere
1208 3628 1300 3692 decet

290 3741 338 3789 nec
353 3726 511 3811 praesenti
529 3726 657 3791 credere
674 3726 830 3801 fortunae,
849 3747 924 3790 cum
937 3723 1014 3807 quid
1027 3745 1141 3809 vesper
1157 3723 1239 3786 ferat
1251 3722 1300 3786 in-

290 3833 399 3885 certum
416 3822 466 3885 sit.
494 3821 520 3884 is
540 3821 668 3885 demum
685 3821 734 3885 vir
752 3820 820 3897 erit,
839 3819 930 3884 cuius
949 3818 1089 3882 animum
1106 3838 1210 3900 neque
1227 3837 1300 3901 pro·
1317 3836 1331 3882 t

288 3934 370 3998 spera
390 3917 468 3981 flatu
491 3937 549 3981 suo
576 3915 687 3981 efferet
711 3935 771 3979 nec
797 3914 932 3979 adversa
953 3912 1125 3998 infringet.’
1170 3908 1299 3976 consilio

287 4009 407 4077 dimisso
424 4013 534 4077 tuendi
552 4033 629 4076 cura
651 4012 735 4098 regis
755 4009 796 4091 Q.
816 4009 911 4073 Aelio
929 4009 1108 4072 mandatur.
1144 4027 1181 4069 eo
1199 4002 1250 4065 dic
1268 4012 1332 4067 ets

285 4104 429 4171 invitatus
455 4105 498 4170 ad
519 4108 681 4171 consulem
704 4105 842 4170 Perseus
865 4113 897 4167 et
919 4103 1000 4167 alius
1023 4099 1125 4165 omnis
1148 4097 1177 4162 ei
1200 4093 1300 4156 honos

285 4200 406 4266 habitus
423 4212 486 4276 est,
505 4202 560 4285 qui
578 4201 687 4266 haberi
705 4201 739 4263 in
756 4200 811 4264 tali
829 4198 957 4262 fortuna
974 4204 1106 4283 poterat.
1144 4187 1299 4254 exercitus

285 4295 394 4361 deinde
411 4295 445 4359 in
462 4295 595 4361 hiberna
613 4294 760 4359 dimissus
778 4305 835 4358 est.

1262 4499 1375 4543 Α
