3359 5092
464 523 583 580 mne
599 523 1066 596 xxxm,14.15.[a.c.1as]
1239 514 1281 580 99

273 706 350 769 nque
371 706 414 750 ex
435 683 539 748 edicto
561 679 602 747 Ο.
626 679 758 760 Claudi,
782 682 833 748 Ti.
857 680 1028 768 Semproni
1049 705 1217 750 censorum
1238 685 1281 752 ad

273 780 405 846 lilectum
420 776 563 864 prodibis
581 788 614 842 et
635 777 921 860 quotienscumque
939 777 1073 844 dilectus
1091 779 1165 857 erit,
1183 800 1280 863 quem

273 873 303 938 ris
319 872 506 938 censoribus
523 872 730 957 magistratus
747 870 922 948 habebunt,
940 871 968 936 si
985 872 1076 940 miles
1093 873 1198 940 factus
1215 896 1280 944 nou

273 968 328 1045 ris,
353 968 389 1032 in
410 966 530 1034 dilectu
549 965 727 1051 prodibisl'
762 966 841 1032 item
862 966 939 1049 quia
960 965 1048 1034 fama
1071 979 1139 1036 erat
1163 968 1280 1034 multos
1301 990 1314 1037 r

273 1086 296 1126 u
310 1059 533 1126 Macedonicis
547 1059 728 1146 legionibus
744 1059 874 1126 incertis
892 1062 1121 1128 commeatibus
1138 1085 1197 1150 per
1212 1087 1281 1130 am-

273 1154 406 1220 ritionem
426 1154 654 1240 imperatorum
673 1154 714 1219 ab
739 1154 881 1220 exercitu
897 1154 1025 1233 abesse,
1052 1156 1219 1222 edixerunt
1241 1157 1282 1224 de

273 1249 407 1316 nilitibus
427 1249 468 1314 P.
487 1249 597 1325 Aelio,
625 1246 682 1336 [Ο.
700 1245 855 1335 Popillio]
883 1249 1066 1314 consulibus
1093 1262 1206 1336 postve
1228 1272 1282 1317 eos

273 1346 400 1410 onsnles
417 1344 451 1409 in
468 1343 695 1409 Macedoniam
713 1342 853 1428 scriptis,
876 1353 916 1407 ut
933 1343 989 1427 qui
1006 1365 1117 1408 eorum
1138 1344 1172 1408 in
1188 1344 1282 1412 Italia
1299 1366 1316 1422 ⁸

273 1451 374 1518 arent,
398 1439 481 1504 intra
500 1438 568 1506 dies
584 1438 728 1525 triginta,
751 1438 839 1504 censi
854 1438 943 1522 prius
961 1448 1040 1525 aput
1056 1461 1141 1518 sese,
1158 1440 1192 1506 in
1208 1460 1282 1526 pro*

273 1533 392 1600 inciam
412 1533 566 1612 redirent3
590 1534 647 1618 qni
667 1533 701 1598 in
721 1532 820 1618 patris
838 1543 895 1598 sut
917 1532 969 1598 avi
992 1544 1148 1619 potestate
1166 1545 1281 1611 essent,

273 1650 365 1696 rorum
381 1628 513 1696 nomina
529 1628 572 1694 ad
589 1650 624 1693 se
639 1628 769 1694 ederent
756 1638 818 1692 t.ur
844 1626 1014 1694 missorum
1027 1650 1156 1739 quoque
1169 1651 1282 1695 causas
1300 1648 1315 1699 9

273 1745 326 1790 ase
348 1723 531 1833 cognituros
553 1746 637 1801 esse,
664 1735 697 1789 et
721 1738 859 1807 quorum
880 1733 954 1790 ante
972 1724 1104 1790 emerita
1125 1724 1283 1810 stipenda

273 1818 395 1903 patiore
418 1818 527 1884 missio
544 1817 654 1884 sibi
623 1840 693 1884 ursa
710 1829 809 1895 esset,
833 1839 889 1884 eos
911 1818 1026 1886 milites
1044 1819 1139 1884 fieri
1130 1841 1282 1886 iussuros

273 1934 318 1978 roc
338 1912 442 1980 edicto
465 1912 643 1996 litterisque
665 1934 835 1980 censorum
856 1912 1002 1997 perfora
1019 1924 1052 1978 et
1073 1912 1283 1982 conciliabula
1303 1931 1334 1980 10

273 2005 393 2076 linissis
416 2017 506 2074 tanta
527 2006 728 2074 multitudo
717 2006 880 2074 luniorum
896 2006 1035 2072 Romam
1057 2008 1221 2086 convenit,
1246 2018 1283 2076 ut

273 2102 364 2188 gravis
380 2102 453 2168 urbi
471 2101 566 2167 turba
580 2101 710 2166 insolita
727 2115 820 2168 esset.

319 2197 399 2263 XV.
425 2196 559 2263 Praeter
575 2196 728 2264 dilectum
741 2219 862 2291 eorum,
880 2218 961 2281 qnos
978 2195 1013 2263 in
1027 2200 1284 2308 supplementum
1303 2219 1316 2268 1

273 2291 339 2358 nitti
356 2291 537 2378 oportebat,
558 2302 710 2376 quattuor
727 2316 747 2362 a
755 2275 804 2358 C.
824 2289 967 2378 Sulpicio
984 2304 1130 2378 praetore
1148 2293 1283 2378 scriptae

273 2386 397 2472 egiones
411 2398 485 2450 sunt
486 2386 651 2471 ,intraque
665 2387 815 2456 undecim
828 2387 895 2454 dies
906 2386 1039 2454 dilectus
1049 2398 1098 2452 est
1112 2386 1282 2473 perfectus.

273 2480 402 2546 nnsnles
429 2480 544 2545 deinde
571 2481 673 2546 sortiti
698 2480 879 2567 provincias
905 2492 995 2558 sunt;
1020 2503 1097 2548 nam
1121 2492 1317 2565 praetoresa

273 2587 385 2662 propter
406 2574 657 2642 iurisdictionem
674 2576 829 2640 maturius
848 2576 950 2642 sortiti
967 2587 1066 2642 erant.
1102 2575 1226 2640 urbana
1244 2571 1283 2639 0.
1303 2594 1318 2643 8

273 2667 410 2756 Sulpicio,
429 2670 599 2755 peregrina
617 2667 657 2735 C.
673 2670 822 2734 Decimio
839 2670 1009 2756 obtigerat,
1028 2669 1221 2755 Hispaniam
1234 2668 1284 2734 M.

273 2760 414 2832 Claudius
441 2765 632 2842 blancollus,
659 2762 802 2832 Siciliam
825 2762 896 2830 Ser.
920 2761 1089 2830 Cornelius
1115 2762 1284 2841 Lentulus,

273 2857 441 2930 taminiam
457 2858 497 2923 P.
511 2858 665 2928 Fonteius
679 2857 807 2946 Capito,
825 2859 961 2926 classem
975 2855 1014 2924 C.
1024 2858 1168 2924 Marcius
1184 2858 1286 2946 Figu-

273 2977 307 3022 ιιι
324 2966 394 3021 erat
411 2954 550 3020 sortitus.
578 2954 746 3019 consulum
760 2950 822 3020 On.
834 2952 971 3020 Servilio
985 2952 1089 3031 Italia,
1108 2952 1285 3035 Q,Msrci0

273 3049 450 3118 ldacsdonia
468 3048 606 3116 obvenit.
650 3048 841 3133 Latinisque
863 3048 943 3116 actis
960 3047 1106 3114 Marcius
1127 3048 1286 3132 extemplo

273 3157 306 3210 st
330 3144 505 3231 profectus.
551 3140 715 3230 Caepione
736 3143 853 3209 deinde
878 3142 1036 3212 referente
1062 3142 1104 3206 ad
1130 3151 1321 3217 senatum

273 3261 338 3323 [aas
356 3261 398 3305 ex
414 3238 507 3304 novis
524 3238 704 3324 legionibus
722 3239 802 3304 duas
819 3238 962 3325 legiones
976 3259 1085 3304 secum
1101 3234 1287 3304 inGalliam

273 3333 405 3411 luceret,
424 3334 594 3399 decrevere
612 3343 733 3420 patres,
752 3345 789 3399 ut
807 3329 847 3400 O.
867 3331 1044 3419 Sulpicius,
1061 3332 1111 3398 M.
1131 3328 1287 3398 Claudius

273 3440 421 3496 tractores
439 3451 481 3494 ex
496 3428 546 3493 bis
564 3450 644 3512 quas
663 3428 862 3515 scripsissent
878 3428 1074 3515 legionibus,
1100 3449 1181 3512 quas
1198 3426 1288 3494 vide·

273 3537 357 3603 etur,
376 3525 500 3592 consuli
519 3524 641 3592 darent
666 3525 798 3611 indigne
815 3525 940 3611 patiens
957 3535 1140 3609 praetorum
1158 3522 1288 3589 arbitrio
1306 3540 1321 3589 5

273 3622 424 3688 curulem
448 3619 643 3698 subiectum,
670 3619 800 3685 dimisso
818 3630 931 3686 senatu
949 3619 991 3683 ad
1008 3618 1147 3684 tribunal
1164 3629 1290 3704 praeto-

273 3739 331 3782 um
348 3727 438 3780 stans
455 3714 639 3801 postulavit,
657 3737 698 3780 ex
715 3725 845 3781 senatus
860 3714 1004 3779 consulto
1018 3713 1212 3781 destinarent
1229 3712 1291 3778 sibi

273 3811 341 3877 luas
363 3810 518 3896 legiones.
561 3821 724 3896 praetores
742 3809 881 3876 consulis
902 3809 937 3874 in
954 3808 1101 3894 eligendo
1125 3808 1290 3873 arbitrium

273 3905 417 3972 buerunt.

326 4000 486 4068 Senatum
503 3998 620 4065 deinde
636 4019 784 4066 censores
801 4000 963 4085 legerunt3
981 3999 1031 4063 M
1049 3996 1207 4062 Aemilius
1224 3994 1290 4058 Le-
1308 4011 1322 4058 s

273 4095 357 4162 ridus
375 4094 524 4180 princeps
546 4093 588 4158 ab
606 4093 707 4160 tertiis
723 4093 788 4159 iam
806 4091 991 4159 censoribus
1013 4092 1124 4157 lectus.
1169 4097 1291 4172 septem

273 4201 415 4257 rsenatu
432 4187 526 4256 eiecti
546 4199 630 4254 sunt
674 4188 708 4254 in
726 4209 825 4254 censu
843 4186 1027 4272 accipiendo
1048 4181 1158 4271 populi
1175 4179 1323 4246 militesr

273 4307 305 4350 n
329 4281 544 4350 Macedonico
570 4282 726 4362 exercitu,
752 4281 808 4369 qui
834 4304 932 4367 quam
958 4278 1050 4346 multi
1075 4276 1225 4430 apllressent
1249 4274 1291 4341 ab
