<?xml version="1.0" encoding="UTF-8"?>
<!DOCTYPE html PUBLIC "-//W3C//DTD XHTML 1.0 Transitional//EN"
    "http://www.w3.org/TR/xhtml1/DTD/xhtml1-transitional.dtd">
<html xmlns="http://www.w3.org/1999/xhtml" xml:lang="en" lang="en">
 <head>
  <title>
</title>
<meta http-equiv="Content-Type" content="text/html;charset=utf-8" />
  <meta name='ocr-system' content='tesseract 3.04.00' />
  <meta name='ocr-capabilities' content='ocr_page ocr_carea ocr_par ocr_line ocrx_word'/>
</head>
<body>
  <div class='ocr_page' id='page_1' title='image "./titiliviaburbec02weisgoog_0170.png"; bbox 0 0 3359 5092; ppageno 0'>
   <div class='ocr_carea' id='block_1_1' title="bbox 361 549 1196 630">
    <p class='ocr_par' dir='ltr' id='par_1_1' title="bbox 361 549 1196 630">
     <span class='ocr_line' id='line_1_1' title="bbox 361 549 1196 630; baseline 0.001 -15"><span class='ocrx_word' id='word_1_1' title='bbox 361 549 404 615; x_wconf 87' lang='grc'>96</span> <span class='ocrx_word' id='word_1_2' title='bbox 550 560 668 616; x_wconf 82' lang='lat' dir='ltr'><strong>LIBER</strong></span> <span class='ocrx_word' id='word_1_3' title='bbox 684 560 859 630; x_wconf 85' lang='lat' dir='ltr'>XXXXIII,</span> <span class='ocrx_word' id='word_1_4' title='bbox 878 562 921 614; x_wconf 92' lang='grc'>11.</span> <span class='ocrx_word' id='word_1_5' title='bbox 939 557 1196 626; x_wconf 66' lang='lat' dir='ltr'>[annotatae]</span> 
     </span>
    </p>
   </div>
   <div class='ocr_carea' id='block_1_2' title="bbox 313 713 1402 4382">
    <p class='ocr_par' dir='ltr' id='par_1_2' title="bbox 329 713 1372 898">
     <span class='ocr_line' id='line_1_2' title="bbox 329 713 1369 801; baseline -0.009 -14"><span class='ocrx_word' id='word_1_6' title='bbox 329 744 340 789; x_wconf 94' lang='lat'>1</span> <span class='ocrx_word' id='word_1_7' title='bbox 425 719 490 783; x_wconf 88' lang='lat' dir='ltr'>XI.</span> <span class='ocrx_word' id='word_1_8' title='bbox 516 719 610 783; x_wconf 90' lang='lat' dir='ltr'>Haec</span> <span class='ocrx_word' id='word_1_9' title='bbox 628 730 659 783; x_wconf 92' lang='lat' dir='ltr'>et</span> <span class='ocrx_word' id='word_1_10' title='bbox 682 718 746 782; x_wconf 88' lang='lat' dir='ltr'>alia</span> <span class='ocrx_word' id='word_1_11' title='bbox 762 716 850 781; x_wconf 90' lang='lat' dir='ltr'>haud</span> <span class='ocrx_word' id='word_1_12' title='bbox 871 736 1022 801; x_wconf 88' lang='lat' dir='ltr'>prospera</span> <span class='ocrx_word' id='word_1_13' title='bbox 1038 716 1072 780; x_wconf 91' lang='lat' dir='ltr'>in</span> <span class='ocrx_word' id='word_1_14' title='bbox 1089 713 1282 780; x_wconf 87' lang='lat' dir='ltr'>Macedonia</span> <span class='ocrx_word' id='word_1_15' title='bbox 1297 725 1369 799; x_wconf 81' lang='lat' dir='ltr'>gesta</span> 
     </span>
     <span class='ocr_line' id='line_1_3' title="bbox 363 806 1372 898; baseline -0.007 -19"><span class='ocrx_word' id='word_1_16' title='bbox 363 838 402 880; x_wconf 88' lang='lat' dir='ltr'>ex</span> <span class='ocrx_word' id='word_1_17' title='bbox 419 813 517 879; x_wconf 88' lang='lat' dir='ltr'>Sexto</span> <span class='ocrx_word' id='word_1_18' title='bbox 526 812 651 898; x_wconf 85' lang='lat' dir='ltr'>Digitio</span> <span class='ocrx_word' id='word_1_19' title='bbox 668 812 798 876; x_wconf 86' lang='lat' dir='ltr'>tribuno</span> <span class='ocrx_word' id='word_1_20' title='bbox 815 810 963 887; x_wconf 92' lang='lat' dir='ltr'>militum,</span> <span class='ocrx_word' id='word_1_21' title='bbox 981 810 1037 894; x_wconf 93' lang='lat' dir='ltr'>qui</span> <span class='ocrx_word' id='word_1_22' title='bbox 1055 809 1201 875; x_wconf 85' lang='lat' dir='ltr'>sacrificii</span> <span class='ocrx_word' id='word_1_23' title='bbox 1213 830 1309 875; x_wconf 88' lang='lat' dir='ltr'>causa</span> <span class='ocrx_word' id='word_1_24' title='bbox 1319 806 1372 872; x_wconf 78' lang='lat' dir='ltr'>Ro</span> 
     </span>
    </p>

    <p class='ocr_par' dir='ltr' id='par_1_3' title="bbox 329 903 1377 1168">
     <span class='ocr_line' id='line_1_4' title="bbox 329 903 1374 990; baseline -0.01 -15"><span class='ocrx_word' id='word_1_25' title='bbox 329 930 344 977; x_wconf 80' lang='lat' dir='ltr'>a</span> <span class='ocrx_word' id='word_1_26' title='bbox 362 931 448 972; x_wconf 92' lang='lat' dir='ltr'>mam</span> <span class='ocrx_word' id='word_1_27' title='bbox 465 917 606 984; x_wconf 90' lang='lat' dir='ltr'>venerat,</span> <span class='ocrx_word' id='word_1_28' title='bbox 625 919 700 971; x_wconf 87' lang='lat' dir='ltr'>sunt</span> <span class='ocrx_word' id='word_1_29' title='bbox 718 905 836 970; x_wconf 87' lang='lat' dir='ltr'>audita.</span> <span class='ocrx_word' id='word_1_30' title='bbox 864 916 995 990; x_wconf 88' lang='lat' dir='ltr'>propter</span> <span class='ocrx_word' id='word_1_31' title='bbox 1009 926 1091 989; x_wconf 87' lang='lat' dir='ltr'>quae</span> <span class='ocrx_word' id='word_1_32' title='bbox 1105 903 1199 968; x_wconf 87' lang='lat' dir='ltr'>veriti</span> <span class='ocrx_word' id='word_1_33' title='bbox 1215 913 1328 988; x_wconf 81' lang='lat' dir='ltr'>patres,</span> <span class='ocrx_word' id='word_1_34' title='bbox 1342 922 1374 966; x_wconf 85' lang='lat' dir='ltr'>ne</span> 
     </span>
     <span class='ocr_line' id='line_1_5' title="bbox 362 997 1374 1087; baseline -0.003 -21"><span class='ocrx_word' id='word_1_35' title='bbox 362 1024 427 1086; x_wconf 92' lang='lat' dir='ltr'>qua</span> <span class='ocrx_word' id='word_1_36' title='bbox 443 1003 544 1066; x_wconf 89' lang='lat' dir='ltr'>maior</span> <span class='ocrx_word' id='word_1_37' title='bbox 561 1001 736 1087; x_wconf 76' lang='lat' dir='ltr'>ignominia</span> <span class='ocrx_word' id='word_1_38' title='bbox 753 1000 959 1086; x_wconf 82' lang='lat' dir='ltr'>acciperetur,</span> <span class='ocrx_word' id='word_1_39' title='bbox 977 1000 1100 1086; x_wconf 84' lang='lat' dir='ltr'>legatos</span> <span class='ocrx_word' id='word_1_40' title='bbox 1118 997 1374 1064; x_wconf 87' lang='lat' dir='ltr'>inMacedoniam</span> 
     </span>
     <span class='ocr_line' id='line_1_6' title="bbox 361 1091 1377 1168; baseline -0.003 -8"><span class='ocrx_word' id='word_1_41' title='bbox 361 1097 410 1160; x_wconf 92' lang='lat' dir='ltr'>M.</span> <span class='ocrx_word' id='word_1_42' title='bbox 420 1096 573 1160; x_wconf 89' lang='lat' dir='ltr'>Fulvium</span> <span class='ocrx_word' id='word_1_43' title='bbox 586 1095 741 1161; x_wconf 83' lang='lat' dir='ltr'><strong>Flaccum</strong></span> <span class='ocrx_word' id='word_1_44' title='bbox 759 1105 792 1160; x_wconf 91' lang='lat' dir='ltr'>et</span> <span class='ocrx_word' id='word_1_45' title='bbox 807 1093 858 1159; x_wconf 90' lang='lat' dir='ltr'>M.</span> <span class='ocrx_word' id='word_1_46' title='bbox 870 1091 1043 1159; x_wconf 81' lang='lat' dir='ltr'>Caninium</span> <span class='ocrx_word' id='word_1_47' title='bbox 1056 1093 1208 1160; x_wconf 82' lang='lat' dir='ltr'>Rebilum</span> <span class='ocrx_word' id='word_1_48' title='bbox 1226 1094 1377 1168; x_wconf 79' lang='lat' dir='ltr'>miserunt,</span> 
     </span>
    </p>

    <p class='ocr_par' dir='ltr' id='par_1_4' title="bbox 328 1187 1379 1463">
     <span class='ocr_line' id='line_1_7' title="bbox 328 1187 1378 1275; baseline -0.008 -16"><span class='ocrx_word' id='word_1_49' title='bbox 328 1213 343 1259; x_wconf 84' lang='lat'><strong>3</strong></span> <span class='ocrx_word' id='word_1_50' title='bbox 361 1190 417 1274; x_wconf 94' lang='lat' dir='ltr'>qui</span> <span class='ocrx_word' id='word_1_51' title='bbox 439 1201 592 1274; x_wconf 86' lang='lat' dir='ltr'>conperta</span> <span class='ocrx_word' id='word_1_52' title='bbox 614 1211 698 1273; x_wconf 90' lang='lat' dir='ltr'>quae</span> <span class='ocrx_word' id='word_1_53' title='bbox 722 1201 893 1275; x_wconf 88' lang='lat' dir='ltr'>agerentur</span> <span class='ocrx_word' id='word_1_54' title='bbox 913 1189 1083 1254; x_wconf 84' lang='lat' dir='ltr'>referrent:</span> <span class='ocrx_word' id='word_1_55' title='bbox 1106 1200 1139 1254; x_wconf 91' lang='lat' dir='ltr'>et</span> <span class='ocrx_word' id='word_1_56' title='bbox 1156 1199 1193 1253; x_wconf 93' lang='lat' dir='ltr'>ut</span> <span class='ocrx_word' id='word_1_57' title='bbox 1209 1188 1254 1252; x_wconf 91' lang='lat' dir='ltr'>A.</span> <span class='ocrx_word' id='word_1_58' title='bbox 1272 1187 1378 1252; x_wconf 83' lang='lat' dir='ltr'>Atilius</span> 
     </span>
     <span class='ocr_line' id='line_1_8' title="bbox 362 1282 1379 1369; baseline -0.002 -20"><span class='ocrx_word' id='word_1_59' title='bbox 362 1284 474 1349; x_wconf 86' lang='lat' dir='ltr'>consul</span> <span class='ocrx_word' id='word_1_60' title='bbox 489 1283 618 1348; x_wconf 87' lang='lat' dir='ltr'>comitia</span> <span class='ocrx_word' id='word_1_61' title='bbox 632 1283 815 1348; x_wconf 88' lang='lat' dir='ltr'>consulibus</span> <span class='ocrx_word' id='word_1_62' title='bbox 829 1283 981 1369; x_wconf 90' lang='lat' dir='ltr'>rogandis</span> <span class='ocrx_word' id='word_1_63' title='bbox 994 1283 1039 1347; x_wconf 90' lang='lat' dir='ltr'>ita</span> <span class='ocrx_word' id='word_1_64' title='bbox 1051 1282 1199 1359; x_wconf 79' lang='lat' dir='ltr'>ediceret,</span> <span class='ocrx_word' id='word_1_65' title='bbox 1217 1283 1266 1347; x_wconf 91' lang='lat' dir='ltr'>uti</span> <span class='ocrx_word' id='word_1_66' title='bbox 1283 1301 1379 1347; x_wconf 85' lang='lat' dir='ltr'>mense</span> 
     </span>
     <span class='ocr_line' id='line_1_9' title="bbox 362 1374 1379 1463; baseline -0.003 -21"><span class='ocrx_word' id='word_1_67' title='bbox 362 1378 512 1443; x_wconf 91' lang='lat' dir='ltr'>Ianuario</span> <span class='ocrx_word' id='word_1_68' title='bbox 531 1377 659 1443; x_wconf 89' lang='lat' dir='ltr'>comitia</span> <span class='ocrx_word' id='word_1_69' title='bbox 679 1389 800 1454; x_wconf 90' lang='lat' dir='ltr'>essent,</span> <span class='ocrx_word' id='word_1_70' title='bbox 825 1389 856 1443; x_wconf 91' lang='lat' dir='ltr'>et</span> <span class='ocrx_word' id='word_1_71' title='bbox 874 1389 910 1441; x_wconf 90' lang='lat' dir='ltr'>ut</span> <span class='ocrx_word' id='word_1_72' title='bbox 931 1378 1033 1463; x_wconf 90' lang='lat' dir='ltr'>primo</span> <span class='ocrx_word' id='word_1_73' title='bbox 1051 1397 1179 1461; x_wconf 91' lang='lat' dir='ltr'>quoque</span> <span class='ocrx_word' id='word_1_74' title='bbox 1197 1374 1379 1462; x_wconf 88' lang='lat' dir='ltr'>temporein</span> 
     </span>
    </p>

    <p class='ocr_par' dir='ltr' id='par_1_5' title="bbox 328 1471 1402 1654">
     <span class='ocr_line' id='line_1_10' title="bbox 328 1471 1378 1558; baseline -0.009 -16"><span class='ocrx_word' id='word_1_75' title='bbox 328 1496 345 1542; x_wconf 83' lang='lat'>4</span> <span class='ocrx_word' id='word_1_76' title='bbox 362 1473 476 1538; x_wconf 89' lang='lat' dir='ltr'>urbem</span> <span class='ocrx_word' id='word_1_77' title='bbox 492 1472 622 1538; x_wconf 81' lang='lat' dir='ltr'>rediret.</span> <span class='ocrx_word' id='word_1_78' title='bbox 648 1473 775 1537; x_wconf 89' lang='lat' dir='ltr'>interim</span> <span class='ocrx_word' id='word_1_79' title='bbox 788 1474 837 1536; x_wconf 90' lang='lat' dir='ltr'>M.</span> <span class='ocrx_word' id='word_1_80' title='bbox 848 1472 967 1537; x_wconf 87' lang='lat' dir='ltr'>Raecio</span> <span class='ocrx_word' id='word_1_81' title='bbox 985 1471 1124 1558; x_wconf 89' lang='lat' dir='ltr'>praetori</span> <span class='ocrx_word' id='word_1_82' title='bbox 1140 1472 1336 1547; x_wconf 87' lang='lat' dir='ltr'>mandatum,</span> <span class='ocrx_word' id='word_1_83' title='bbox 1350 1479 1378 1533; x_wconf 87' lang='lat' dir='ltr'>ut</span> 
     </span>
     <span class='ocr_line' id='line_1_11' title="bbox 362 1563 1402 1654; baseline -0.001 -24"><span class='ocrx_word' id='word_1_84' title='bbox 362 1566 465 1632; x_wconf 85' lang='lat' dir='ltr'>edicto</span> <span class='ocrx_word' id='word_1_85' title='bbox 483 1577 644 1632; x_wconf 80' lang='lat' dir='ltr'>senatores</span> <span class='ocrx_word' id='word_1_86' title='bbox 659 1588 770 1632; x_wconf 88' lang='lat' dir='ltr'>omnes</span> <span class='ocrx_word' id='word_1_87' title='bbox 784 1588 824 1631; x_wconf 91' lang='lat' dir='ltr'>ex</span> <span class='ocrx_word' id='word_1_88' title='bbox 838 1577 906 1630; x_wconf 87' lang='lat' dir='ltr'>tota</span> <span class='ocrx_word' id='word_1_89' title='bbox 915 1566 1018 1643; x_wconf 90' lang='lat' dir='ltr'>Italia,</span> <span class='ocrx_word' id='word_1_90' title='bbox 1036 1565 1098 1630; x_wconf 84' lang='lat' dir='ltr'>nisi</span> <span class='ocrx_word' id='word_1_91' title='bbox 1115 1564 1172 1649; x_wconf 93' lang='lat' dir='ltr'>qui</span> <span class='ocrx_word' id='word_1_92' title='bbox 1184 1564 1233 1631; x_wconf 91' lang='lat' dir='ltr'>rei</span> <span class='ocrx_word' id='word_1_93' title='bbox 1246 1563 1378 1652; x_wconf 85' lang='lat' dir='ltr'>publicae</span> <span class='ocrx_word' id='word_1_94' title='bbox 1401 1639 1402 1654; x_wconf 12' lang='grc' dir='ltr'>χ</span> 
     </span>
    </p>

    <p class='ocr_par' dir='ltr' id='par_1_6' title="bbox 329 1660 1402 1931">
     <span class='ocr_line' id='line_1_12' title="bbox 329 1660 1378 1744; baseline -0.004 -19"><span class='ocrx_word' id='word_1_95' title='bbox 329 1683 344 1731; x_wconf 84' lang='lat'>5</span> <span class='ocrx_word' id='word_1_96' title='bbox 362 1682 458 1725; x_wconf 88' lang='lat' dir='ltr'>causa</span> <span class='ocrx_word' id='word_1_97' title='bbox 475 1660 632 1737; x_wconf 86' lang='lat' dir='ltr'>abessent,</span> <span class='ocrx_word' id='word_1_98' title='bbox 650 1660 788 1726; x_wconf 87' lang='lat' dir='ltr'>Romam</span> <span class='ocrx_word' id='word_1_99' title='bbox 805 1671 983 1726; x_wconf 88' lang='lat' dir='ltr'>revocaret:</span> <span class='ocrx_word' id='word_1_100' title='bbox 1001 1660 1057 1744; x_wconf 95' lang='lat' dir='ltr'>qui</span> <span class='ocrx_word' id='word_1_101' title='bbox 1073 1660 1199 1725; x_wconf 84' lang='lat' dir='ltr'>Romae</span> <span class='ocrx_word' id='word_1_102' title='bbox 1217 1670 1378 1736; x_wconf 68' lang='lat' dir='ltr'>essentne</span> 
     </span>
     <span class='ocr_line' id='line_1_13' title="bbox 363 1754 1402 1840; baseline -0.001 -22"><span class='ocrx_word' id='word_1_103' title='bbox 363 1754 433 1839; x_wconf 94' lang='lat' dir='ltr'>quis</span> <span class='ocrx_word' id='word_1_104' title='bbox 448 1754 531 1819; x_wconf 91' lang='lat' dir='ltr'>ultra</span> <span class='ocrx_word' id='word_1_105' title='bbox 544 1755 630 1820; x_wconf 90' lang='lat' dir='ltr'>mille</span> <span class='ocrx_word' id='word_1_106' title='bbox 644 1778 798 1840; x_wconf 89' lang='lat' dir='ltr'>passuum</span> <span class='ocrx_word' id='word_1_107' title='bbox 807 1754 849 1819; x_wconf 89' lang='lat' dir='ltr'>ab</span> <span class='ocrx_word' id='word_1_108' title='bbox 859 1754 964 1820; x_wconf 90' lang='lat' dir='ltr'>Roma</span> <span class='ocrx_word' id='word_1_109' title='bbox 976 1754 1111 1820; x_wconf 82' lang='lat' dir='ltr'>abesset.</span> <span class='ocrx_word' id='word_1_110' title='bbox 1139 1776 1188 1829; x_wconf 90' lang='lat' dir='ltr'>ea,</span> <span class='ocrx_word' id='word_1_111' title='bbox 1201 1754 1252 1818; x_wconf 89' lang='lat' dir='ltr'>uti</span> <span class='ocrx_word' id='word_1_112' title='bbox 1265 1763 1378 1819; x_wconf 84' lang='lat' dir='ltr'>senatus</span> <span class='ocrx_word' id='word_1_113' title='bbox 1394 1775 1402 1838; x_wconf 62' lang='lat' dir='ltr'>p</span> 
     </span>
     <span class='ocr_line' id='line_1_14' title="bbox 362 1847 1376 1931; baseline -0.004 -16"><span class='ocrx_word' id='word_1_114' title='bbox 362 1850 495 1927; x_wconf 88' lang='lat' dir='ltr'>censuit,</span> <span class='ocrx_word' id='word_1_115' title='bbox 514 1860 588 1913; x_wconf 91' lang='lat' dir='ltr'>sunt</span> <span class='ocrx_word' id='word_1_116' title='bbox 600 1850 695 1915; x_wconf 88' lang='lat' dir='ltr'>facta.</span> <span class='ocrx_word' id='word_1_117' title='bbox 722 1850 851 1915; x_wconf 90' lang='lat' dir='ltr'>comitia</span> <span class='ocrx_word' id='word_1_118' title='bbox 864 1849 1043 1914; x_wconf 91' lang='lat' dir='ltr'>consularia</span> <span class='ocrx_word' id='word_1_119' title='bbox 1055 1859 1127 1914; x_wconf 87' lang='lat' dir='ltr'>ante</span> <span class='ocrx_word' id='word_1_120' title='bbox 1142 1847 1230 1914; x_wconf 89' lang='lat' dir='ltr'>diem</span> <span class='ocrx_word' id='word_1_121' title='bbox 1245 1848 1376 1931; x_wconf 84' lang='lat' dir='ltr'>quintum</span> 
     </span>
    </p>

    <p class='ocr_par' dir='ltr' id='par_1_7' title="bbox 329 1940 1376 2024">
     <span class='ocr_line' id='line_1_15' title="bbox 329 1940 1376 2024; baseline -0.007 -13"><span class='ocrx_word' id='word_1_122' title='bbox 329 1964 343 2011; x_wconf 84' lang='lat' dir='ltr'>e</span> <span class='ocrx_word' id='word_1_123' title='bbox 361 1943 425 2008; x_wconf 88' lang='lat' dir='ltr'>kal.</span> <span class='ocrx_word' id='word_1_124' title='bbox 442 1943 635 2008; x_wconf 85' lang='lat' dir='ltr'>Februarias</span> <span class='ocrx_word' id='word_1_125' title='bbox 658 1944 757 2009; x_wconf 85' lang='lat' dir='ltr'>fuere.</span> <span class='ocrx_word' id='word_1_126' title='bbox 803 1944 902 2009; x_wconf 89' lang='lat' dir='ltr'>creati</span> <span class='ocrx_word' id='word_1_127' title='bbox 924 1944 1070 2009; x_wconf 85' lang='lat' dir='ltr'>consules</span> <span class='ocrx_word' id='word_1_128' title='bbox 1093 1952 1168 2007; x_wconf 90' lang='lat' dir='ltr'>sunt</span> <span class='ocrx_word' id='word_1_129' title='bbox 1186 1940 1229 2024; x_wconf 81' lang='lat' dir='ltr'>Q.</span> <span class='ocrx_word' id='word_1_130' title='bbox 1249 1940 1376 2005; x_wconf 85' lang='lat' dir='ltr'>Marcius</span> 
     </span>
    </p>

    <p class='ocr_par' dir='ltr' id='par_1_8' title="bbox 330 2034 1376 2314">
     <span class='ocr_line' id='line_1_16' title="bbox 330 2034 1376 2123; baseline -0.003 -21"><span class='ocrx_word' id='word_1_131' title='bbox 330 2036 533 2123; x_wconf 77' lang='lat' dir='ltr'>tPhilippus</span> <span class='ocrx_word' id='word_1_132' title='bbox 559 2038 675 2103; x_wconf 91' lang='lat' dir='ltr'>iterum</span> <span class='ocrx_word' id='word_1_133' title='bbox 702 2050 734 2104; x_wconf 93' lang='lat' dir='ltr'>et</span> <span class='ocrx_word' id='word_1_134' title='bbox 758 2036 819 2104; x_wconf 88' lang='lat' dir='ltr'>Cn.</span> <span class='ocrx_word' id='word_1_135' title='bbox 845 2036 1000 2104; x_wconf 86' lang='lat' dir='ltr'>Servilius</span> <span class='ocrx_word' id='word_1_136' title='bbox 1023 2034 1155 2122; x_wconf 84' lang='lat' dir='ltr'>Caepio.</span> <span class='ocrx_word' id='word_1_137' title='bbox 1208 2047 1284 2121; x_wconf 92' lang='lat' dir='ltr'>post</span> <span class='ocrx_word' id='word_1_138' title='bbox 1307 2034 1376 2100; x_wconf 82' lang='lat' dir='ltr'>diem</span> 
     </span>
     <span class='ocr_line' id='line_1_17' title="bbox 362 2128 1375 2218; baseline -0.003 -21"><span class='ocrx_word' id='word_1_139' title='bbox 362 2133 491 2197; x_wconf 90' lang='lat' dir='ltr'>tertium</span> <span class='ocrx_word' id='word_1_140' title='bbox 512 2144 672 2218; x_wconf 88' lang='lat' dir='ltr'>praetores</span> <span class='ocrx_word' id='word_1_141' title='bbox 695 2145 769 2199; x_wconf 88' lang='lat' dir='ltr'>sunt</span> <span class='ocrx_word' id='word_1_142' title='bbox 790 2134 868 2199; x_wconf 90' lang='lat' dir='ltr'>facti</span> <span class='ocrx_word' id='word_1_143' title='bbox 891 2130 930 2198; x_wconf 87' lang='lat' dir='ltr'>C.</span> <span class='ocrx_word' id='word_1_144' title='bbox 949 2132 1133 2209; x_wconf 86' lang='lat' dir='ltr'>Decimius,</span> <span class='ocrx_word' id='word_1_145' title='bbox 1159 2131 1210 2195; x_wconf 87' lang='lat' dir='ltr'>M.</span> <span class='ocrx_word' id='word_1_146' title='bbox 1236 2128 1375 2195; x_wconf 77' lang='lat' dir='ltr'>claudia</span> 
     </span>
     <span class='ocr_line' id='line_1_18' title="bbox 362 2221 1374 2314; baseline -0.002 -23"><span class='ocrx_word' id='word_1_147' title='bbox 362 2227 547 2305; x_wconf 85' lang='lat' dir='ltr'>Marcellus,</span> <span class='ocrx_word' id='word_1_148' title='bbox 567 2224 606 2292; x_wconf 83' lang='grc' dir='ltr'>Ο.</span> <span class='ocrx_word' id='word_1_149' title='bbox 617 2226 779 2314; x_wconf 84' lang='lat' dir='ltr'>Sulpicius</span> <span class='ocrx_word' id='word_1_150' title='bbox 795 2227 920 2305; x_wconf 87' lang='lat' dir='ltr'>Gallus,</span> <span class='ocrx_word' id='word_1_151' title='bbox 941 2224 980 2292; x_wconf 87' lang='lat' dir='ltr'>C.</span> <span class='ocrx_word' id='word_1_152' title='bbox 995 2226 1138 2292; x_wconf 91' lang='lat' dir='ltr'>Marcius</span> <span class='ocrx_word' id='word_1_153' title='bbox 1152 2226 1301 2311; x_wconf 79' lang='lat' dir='ltr'>Figulus,</span> <span class='ocrx_word' id='word_1_154' title='bbox 1319 2221 1374 2289; x_wconf 80' lang='lat' dir='ltr'>sa.</span> 
     </span>
    </p>

    <p class='ocr_par' dir='ltr' id='par_1_9' title="bbox 328 2318 1375 2596">
     <span class='ocr_line' id='line_1_19' title="bbox 328 2318 1375 2407; baseline -0.004 -22"><span class='ocrx_word' id='word_1_155' title='bbox 328 2338 343 2385; x_wconf 85' lang='lat'>8</span> <span class='ocrx_word' id='word_1_156' title='bbox 363 2319 532 2388; x_wconf 84' lang='lat' dir='ltr'>Cornelius</span> <span class='ocrx_word' id='word_1_157' title='bbox 546 2321 716 2400; x_wconf 89' lang='lat' dir='ltr'>Lentulus,</span> <span class='ocrx_word' id='word_1_158' title='bbox 733 2323 773 2387; x_wconf 90' lang='lat' dir='ltr'>P.</span> <span class='ocrx_word' id='word_1_159' title='bbox 783 2323 938 2387; x_wconf 85' lang='lat' dir='ltr'>Fonteius</span> <span class='ocrx_word' id='word_1_160' title='bbox 954 2318 1079 2407; x_wconf 86' lang='lat' dir='ltr'>Capito.</span> <span class='ocrx_word' id='word_1_161' title='bbox 1107 2319 1283 2405; x_wconf 88' lang='lat' dir='ltr'>designatis</span> <span class='ocrx_word' id='word_1_162' title='bbox 1299 2336 1375 2404; x_wconf 86' lang='lat' dir='ltr'>prae·</span> 
     </span>
     <span class='ocr_line' id='line_1_20' title="bbox 362 2414 1373 2501; baseline -0.007 -20"><span class='ocrx_word' id='word_1_163' title='bbox 362 2415 483 2481; x_wconf 91' lang='lat' dir='ltr'>toribus</span> <span class='ocrx_word' id='word_1_164' title='bbox 510 2426 635 2501; x_wconf 90' lang='lat' dir='ltr'>praeter</span> <span class='ocrx_word' id='word_1_165' title='bbox 661 2416 741 2480; x_wconf 92' lang='lat' dir='ltr'>duas</span> <span class='ocrx_word' id='word_1_166' title='bbox 768 2417 908 2480; x_wconf 88' lang='lat' dir='ltr'>urbanas</span> <span class='ocrx_word' id='word_1_167' title='bbox 931 2427 1082 2499; x_wconf 89' lang='lat' dir='ltr'>quattuor</span> <span class='ocrx_word' id='word_1_168' title='bbox 1106 2414 1292 2500; x_wconf 91' lang='lat' dir='ltr'>provinciae</span> <span class='ocrx_word' id='word_1_169' title='bbox 1316 2417 1373 2475; x_wconf 80' lang='lat' dir='ltr'>sunl</span> 
     </span>
     <span class='ocr_line' id='line_1_21' title="bbox 362 2507 1283 2596; baseline -0.002 -23"><span class='ocrx_word' id='word_1_170' title='bbox 362 2509 470 2575; x_wconf 89' lang='lat' dir='ltr'>decret</span> <span class='ocrx_word' id='word_1_171' title='bbox 457 2521 518 2587; x_wconf 90' lang='lat' dir='ltr'>tae,</span> <span class='ocrx_word' id='word_1_172' title='bbox 537 2509 697 2596; x_wconf 91' lang='lat' dir='ltr'>Hispania</span> <span class='ocrx_word' id='word_1_173' title='bbox 715 2520 747 2575; x_wconf 91' lang='lat' dir='ltr'>et</span> <span class='ocrx_word' id='word_1_174' title='bbox 765 2508 915 2575; x_wconf 82' lang='lat' dir='ltr'>Sardinia</span> <span class='ocrx_word' id='word_1_175' title='bbox 931 2521 964 2574; x_wconf 92' lang='lat' dir='ltr'>et</span> <span class='ocrx_word' id='word_1_176' title='bbox 983 2508 1093 2575; x_wconf 86' lang='lat' dir='ltr'>Sicilia</span> <span class='ocrx_word' id='word_1_177' title='bbox 1111 2518 1144 2574; x_wconf 91' lang='lat' dir='ltr'>et</span> <span class='ocrx_word' id='word_1_178' title='bbox 1162 2507 1283 2572; x_wconf 88' lang='lat' dir='ltr'>classis.</span> 
     </span>
    </p>

    <p class='ocr_par' dir='ltr' id='par_1_10' title="bbox 330 2600 1373 2972">
     <span class='ocr_line' id='line_1_22' title="bbox 330 2600 1373 2690; baseline -0.006 -21"><span class='ocrx_word' id='word_1_179' title='bbox 330 2622 343 2669; x_wconf 82' lang='lat'>9</span> <span class='ocrx_word' id='word_1_180' title='bbox 426 2604 546 2690; x_wconf 83' lang='lat' dir='ltr'>Legati</span> <span class='ocrx_word' id='word_1_181' title='bbox 563 2627 604 2669; x_wconf 87' lang='lat' dir='ltr'>ex</span> <span class='ocrx_word' id='word_1_182' title='bbox 612 2604 806 2670; x_wconf 90' lang='lat' dir='ltr'>Macedoma</span> <span class='ocrx_word' id='word_1_183' title='bbox 824 2615 936 2669; x_wconf 89' lang='lat' dir='ltr'>exacto</span> <span class='ocrx_word' id='word_1_184' title='bbox 955 2603 1128 2667; x_wconf 90' lang='lat' dir='ltr'>admodum</span> <span class='ocrx_word' id='word_1_185' title='bbox 1146 2600 1373 2668; x_wconf 83' lang='lat' dir='ltr'>menseFebra-</span> 
     </span>
     <span class='ocr_line' id='line_1_23' title="bbox 364 2694 1373 2798; baseline -0.002 -38"><span class='ocrx_word' id='word_1_186' title='bbox 364 2698 431 2761; x_wconf 92' lang='lat' dir='ltr'>ario</span> <span class='ocrx_word' id='word_1_187' title='bbox 449 2696 622 2762; x_wconf 89' lang='lat' dir='ltr'>redierunt.</span> <span class='ocrx_word' id='word_1_188' title='bbox 649 2698 683 2761; x_wconf 94' lang='lat' dir='ltr'>hi</span> <span class='ocrx_word' id='word_1_189' title='bbox 705 2720 785 2782; x_wconf 90' lang='lat' dir='ltr'>quas</span> <span class='ocrx_word' id='word_1_190' title='bbox 809 2721 860 2763; x_wconf 91' lang='lat' dir='ltr'>res</span> <span class='ocrx_word' id='word_1_191' title='bbox 878 2720 917 2763; x_wconf 90' lang='lat' dir='ltr'>ea</span> <span class='ocrx_word' id='word_1_192' title='bbox 934 2708 1054 2762; x_wconf 86' lang='lat' dir='ltr'>aestate</span> <span class='ocrx_word' id='word_1_193' title='bbox 1070 2717 1224 2782; x_wconf 88' lang='lat' dir='ltr'>prospere</span> <span class='ocrx_word' id='word_1_194' title='bbox 1241 2694 1373 2798; x_wconf 77' lang='lat' dir='ltr'>gessisse</span> 
     </span>
     <span class='ocr_line' id='line_1_24' title="bbox 364 2781 1373 2877; baseline -0.004 -22"><span class='ocrx_word' id='word_1_195' title='bbox 364 2814 420 2855; x_wconf 86' lang='lat' dir='ltr'>rex</span> <span class='ocrx_word' id='word_1_196' title='bbox 442 2789 582 2856; x_wconf 86' lang='lat' dir='ltr'>Perseus</span> <span class='ocrx_word' id='word_1_197' title='bbox 605 2792 786 2859; x_wconf 87' lang='lat' dir='ltr'>referebant</span> <span class='ocrx_word' id='word_1_198' title='bbox 808 2803 1010 2877; x_wconf 91' lang='lat' dir='ltr'>quantusque</span> <span class='ocrx_word' id='word_1_199' title='bbox 1039 2791 1134 2855; x_wconf 90' lang='lat' dir='ltr'>timor</span> <span class='ocrx_word' id='word_1_200' title='bbox 1156 2790 1261 2855; x_wconf 89' lang='lat' dir='ltr'>socios</span> <span class='ocrx_word' id='word_1_201' title='bbox 1283 2781 1373 2876; x_wconf 84' lang='lat' dir='ltr'>populi</span> 
     </span>
     <span class='ocr_line' id='line_1_25' title="bbox 362 2881 1372 2972; baseline 0.003 -24"><span class='ocrx_word' id='word_1_202' title='bbox 362 2885 500 2949; x_wconf 87' lang='lat' dir='ltr'>Romani</span> <span class='ocrx_word' id='word_1_203' title='bbox 518 2886 654 2971; x_wconf 87' lang='lat' dir='ltr'>cepisset</span> <span class='ocrx_word' id='word_1_204' title='bbox 671 2898 718 2952; x_wconf 90' lang='lat' dir='ltr'>tot</span> <span class='ocrx_word' id='word_1_205' title='bbox 731 2888 892 2953; x_wconf 87' lang='lat' dir='ltr'>urbibus</span> <span class='ocrx_word' id='word_1_206' title='bbox 882 2911 916 2952; x_wconf 90' lang='lat' dir='ltr'>m</span> <span class='ocrx_word' id='word_1_207' title='bbox 934 2896 1123 2972; x_wconf 87' lang='lat' dir='ltr'>potestatem</span> <span class='ocrx_word' id='word_1_208' title='bbox 1135 2885 1222 2971; x_wconf 87' lang='lat' dir='ltr'>regis</span> <span class='ocrx_word' id='word_1_209' title='bbox 1241 2881 1372 2951; x_wconf 66' lang='lat' dir='ltr'>redactitt</span> 
     </span>
    </p>

    <p class='ocr_par' dir='ltr' id='par_1_11' title="bbox 314 2972 1372 3161">
     <span class='ocr_line' id='line_1_26' title="bbox 314 2972 1372 3090; baseline -0.003 -44"><span class='ocrx_word' id='word_1_210' title='bbox 314 3000 346 3048; x_wconf 79' lang='lat' dir='ltr'>ro</span> <span class='ocrx_word' id='word_1_211' title='bbox 364 2978 539 3044; x_wconf 86' lang='lat' dir='ltr'>exercitum</span> <span class='ocrx_word' id='word_1_212' title='bbox 553 2981 692 3045; x_wconf 91' lang='lat' dir='ltr'>consulis</span> <span class='ocrx_word' id='word_1_213' title='bbox 705 2981 938 3090; x_wconf 85' lang='lat' dir='ltr'>infrequentem</span> <span class='ocrx_word' id='word_1_214' title='bbox 952 2980 1183 3045; x_wconf 91' lang='lat' dir='ltr'>commeatibus</span> <span class='ocrx_word' id='word_1_215' title='bbox 1198 2980 1297 3089; x_wconf 77' lang='lat' dir='ltr'>vulgo</span> <span class='ocrx_word' id='word_1_216' title='bbox 1309 2972 1372 3043; x_wconf 81' lang='lat' dir='ltr'>datit</span> 
     </span>
     <span class='ocr_line' id='line_1_27' title="bbox 361 3070 1372 3185; baseline 0 -48"><span class='ocrx_word' id='word_1_217' title='bbox 361 3096 419 3159; x_wconf 89' lang='lat' dir='ltr'>per</span> <span class='ocrx_word' id='word_1_218' title='bbox 436 3073 641 3140; x_wconf 90' lang='lat' dir='ltr'>ambitionem</span> <span class='ocrx_word' id='word_1_219' title='bbox 659 3097 743 3153; x_wconf 83' lang='lat' dir='ltr'>esse3</span> <span class='ocrx_word' id='word_1_220' title='bbox 762 3077 889 3185; x_wconf 88' lang='lat' dir='ltr'>culpam</span> <span class='ocrx_word' id='word_1_221' title='bbox 909 3075 977 3140; x_wconf 91' lang='lat' dir='ltr'>eius</span> <span class='ocrx_word' id='word_1_222' title='bbox 995 3097 1042 3139; x_wconf 85' lang='lat' dir='ltr'>rer</span> <span class='ocrx_word' id='word_1_223' title='bbox 1031 3074 1252 3139; x_wconf 83' lang='lat' dir='ltr'>&#39;‘consulem</span> <span class='ocrx_word' id='word_1_224' title='bbox 1242 3097 1276 3138; x_wconf 88' lang='lat' dir='ltr'>m</span> <span class='ocrx_word' id='word_1_225' title='bbox 1293 3070 1372 3137; x_wconf 75' lang='lat' dir='ltr'>triba</span> 
     </span>
    </p>

    <p class='ocr_par' dir='ltr' id='par_1_12' title="bbox 313 3159 1374 3538">
     <span class='ocr_line' id='line_1_28' title="bbox 313 3159 1372 3253; baseline -0.004 -18"><span class='ocrx_word' id='word_1_226' title='bbox 313 3189 341 3238; x_wconf 91' lang='lat'>11</span> <span class='ocrx_word' id='word_1_227' title='bbox 362 3189 420 3233; x_wconf 94' lang='lat' dir='ltr'>nos</span> <span class='ocrx_word' id='word_1_228' title='bbox 438 3168 585 3246; x_wconf 92' lang='lat' dir='ltr'>militum,</span> <span class='ocrx_word' id='word_1_229' title='bbox 604 3182 714 3234; x_wconf 91' lang='lat' dir='ltr'>contra</span> <span class='ocrx_word' id='word_1_230' title='bbox 731 3170 829 3235; x_wconf 91' lang='lat' dir='ltr'>illos</span> <span class='ocrx_word' id='word_1_231' title='bbox 819 3194 854 3234; x_wconf 89' lang='lat' dir='ltr'>m</span> <span class='ocrx_word' id='word_1_232' title='bbox 872 3170 1035 3234; x_wconf 89' lang='lat' dir='ltr'>consulem</span> <span class='ocrx_word' id='word_1_233' title='bbox 1052 3167 1209 3233; x_wconf 88' lang='lat' dir='ltr'>conferre.</span> <span class='ocrx_word' id='word_1_234' title='bbox 1257 3159 1372 3253; x_wconf 78' lang='lat' dir='ltr'>ignomi-</span> 
     </span>
     <span class='ocr_line' id='line_1_29' title="bbox 361 3260 1373 3350; baseline 0 -24"><span class='ocrx_word' id='word_1_235' title='bbox 361 3263 448 3327; x_wconf 91' lang='lat' dir='ltr'>niam</span> <span class='ocrx_word' id='word_1_236' title='bbox 462 3260 579 3327; x_wconf 85' lang='lat' dir='ltr'>Claudi</span> <span class='ocrx_word' id='word_1_237' title='bbox 596 3264 772 3330; x_wconf 88' lang='lat' dir='ltr'>temeritate</span> <span class='ocrx_word' id='word_1_238' title='bbox 790 3275 954 3350; x_wconf 89' lang='lat' dir='ltr'>acceptam</span> <span class='ocrx_word' id='word_1_239' title='bbox 972 3263 1100 3329; x_wconf 90' lang='lat' dir='ltr'>elevare</span> <span class='ocrx_word' id='word_1_240' title='bbox 1118 3284 1174 3327; x_wconf 93' lang='lat' dir='ltr'>eos</span> <span class='ocrx_word' id='word_1_241' title='bbox 1192 3274 1302 3349; x_wconf 89' lang='lat' dir='ltr'>patres</span> <span class='ocrx_word' id='word_1_242' title='bbox 1318 3277 1373 3326; x_wconf 68' lang='lat' dir='ltr'>cm·</span> 
     </span>
     <span class='ocr_line' id='line_1_30' title="bbox 363 3348 1373 3444; baseline 0.002 -26"><span class='ocrx_word' id='word_1_243' title='bbox 363 3366 509 3432; x_wconf 85' lang='lat' dir='ltr'>suerunt3</span> <span class='ocrx_word' id='word_1_244' title='bbox 537 3357 656 3443; x_wconf 90' lang='lat' dir='ltr'>quippe</span> <span class='ocrx_word' id='word_1_245' title='bbox 678 3379 856 3444; x_wconf 89' lang='lat' dir='ltr'>perpaucos</span> <span class='ocrx_word' id='word_1_246' title='bbox 873 3357 977 3422; x_wconf 87' lang='lat' dir='ltr'>Italici</span> <span class='ocrx_word' id='word_1_247' title='bbox 1000 3356 1127 3443; x_wconf 90' lang='lat' dir='ltr'>generis</span> <span class='ocrx_word' id='word_1_248' title='bbox 1145 3367 1178 3420; x_wconf 94' lang='lat' dir='ltr'>et</span> <span class='ocrx_word' id='word_1_249' title='bbox 1200 3348 1373 3443; x_wconf 44' lang='lat' dir='ltr'>magna&amp;</span> 
     </span>
     <span class='ocr_line' id='line_1_31' title="bbox 362 3445 1374 3538; baseline 0.006 -27"><span class='ocrx_word' id='word_1_250' title='bbox 362 3445 468 3534; x_wconf 83' lang='lat' dir='ltr'>parte]</span> <span class='ocrx_word' id='word_1_251' title='bbox 487 3452 692 3516; x_wconf 87' lang='lat' dir='ltr'>tumultuario</span> <span class='ocrx_word' id='word_1_252' title='bbox 711 3452 829 3518; x_wconf 92' lang='lat' dir='ltr'>dilectu</span> <span class='ocrx_word' id='word_1_253' title='bbox 848 3452 1043 3538; x_wconf 90' lang='lat' dir='ltr'>conscriptos</span> <span class='ocrx_word' id='word_1_254' title='bbox 1061 3450 1106 3515; x_wconf 95' lang='lat' dir='ltr'>ibi</span> <span class='ocrx_word' id='word_1_255' title='bbox 1123 3450 1243 3515; x_wconf 88' lang='lat' dir='ltr'>milites</span> <span class='ocrx_word' id='word_1_256' title='bbox 1262 3449 1374 3517; x_wconf 66' lang='lat' dir='ltr'>emim</span> 
     </span>
    </p>

    <p class='ocr_par' dir='ltr' id='par_1_13' title="bbox 313 3541 1374 3814">
     <span class='ocr_line' id='line_1_32' title="bbox 313 3541 1373 3632; baseline 0 -24"><span class='ocrx_word' id='word_1_257' title='bbox 313 3562 344 3608; x_wconf 81' lang='lat'>12</span> <span class='ocrx_word' id='word_1_258' title='bbox 362 3541 552 3607; x_wconf 82' lang='lat' dir='ltr'>referebant.</span> <span class='ocrx_word' id='word_1_259' title='bbox 597 3546 743 3611; x_wconf 89' lang='lat' dir='ltr'>consules</span> <span class='ocrx_word' id='word_1_260' title='bbox 762 3546 920 3632; x_wconf 90' lang='lat' dir='ltr'>designati</span> <span class='ocrx_word' id='word_1_261' title='bbox 936 3546 992 3612; x_wconf 92' lang='lat' dir='ltr'>ubi</span> <span class='ocrx_word' id='word_1_262' title='bbox 1009 3546 1150 3631; x_wconf 90' lang='lat' dir='ltr'>primum</span> <span class='ocrx_word' id='word_1_263' title='bbox 1167 3546 1373 3632; x_wconf 77' lang='lat' dir='ltr'>magistratum</span> 
     </span>
     <span class='ocr_line' id='line_1_33' title="bbox 362 3634 1374 3716; baseline 0.004 -18"><span class='ocrx_word' id='word_1_264' title='bbox 362 3634 504 3713; x_wconf 89' lang='lat' dir='ltr'>inissent,</span> <span class='ocrx_word' id='word_1_265' title='bbox 523 3635 562 3701; x_wconf 91' lang='lat' dir='ltr'>de</span> <span class='ocrx_word' id='word_1_266' title='bbox 571 3637 764 3704; x_wconf 87' lang='lat' dir='ltr'>Macedonia</span> <span class='ocrx_word' id='word_1_267' title='bbox 781 3640 899 3706; x_wconf 89' lang='lat' dir='ltr'>referre</span> <span class='ocrx_word' id='word_1_268' title='bbox 918 3640 958 3704; x_wconf 90' lang='lat' dir='ltr'>ad</span> <span class='ocrx_word' id='word_1_269' title='bbox 976 3649 1123 3704; x_wconf 90' lang='lat' dir='ltr'>senatum</span> <span class='ocrx_word' id='word_1_270' title='bbox 1140 3638 1237 3716; x_wconf 82' lang='lat' dir='ltr'>iusai3</span> <span class='ocrx_word' id='word_1_271' title='bbox 1257 3638 1374 3705; x_wconf 68' lang='lat' dir='ltr'>destina·</span> 
     </span>
     <span class='ocr_line' id='line_1_34' title="bbox 363 3730 1199 3814; baseline 0.007 -22"><span class='ocrx_word' id='word_1_272' title='bbox 363 3739 478 3811; x_wconf 91' lang='lat' dir='ltr'>taeque</span> <span class='ocrx_word' id='word_1_273' title='bbox 496 3730 678 3814; x_wconf 89' lang='lat' dir='ltr'>provinciae</span> <span class='ocrx_word' id='word_1_274' title='bbox 695 3736 722 3797; x_wconf 81' lang='lat' dir='ltr'>ts</span> <span class='ocrx_word' id='word_1_275' title='bbox 740 3744 815 3798; x_wconf 90' lang='lat' dir='ltr'>sunt</span> <span class='ocrx_word' id='word_1_276' title='bbox 831 3734 925 3799; x_wconf 86' lang='lat' dir='ltr'>Italia</span> <span class='ocrx_word' id='word_1_277' title='bbox 942 3745 975 3799; x_wconf 89' lang='lat' dir='ltr'>et</span> <span class='ocrx_word' id='word_1_278' title='bbox 991 3732 1199 3799; x_wconf 88' lang='lat' dir='ltr'>Macedonia.</span> 
     </span>
    </p>

    <p class='ocr_par' dir='ltr' id='par_1_14' title="bbox 314 3819 1374 4382">
     <span class='ocr_line' id='line_1_35' title="bbox 314 3819 1374 3913; baseline 0.002 -25"><span class='ocrx_word' id='word_1_279' title='bbox 314 3841 346 3889; x_wconf 84' lang='lat'>13</span> <span class='ocrx_word' id='word_1_280' title='bbox 427 3825 502 3889; x_wconf 89' lang='lat' dir='ltr'>Hoc</span> <span class='ocrx_word' id='word_1_281' title='bbox 525 3847 609 3888; x_wconf 89' lang='lat' dir='ltr'>anno</span> <span class='ocrx_word' id='word_1_282' title='bbox 635 3826 858 3893; x_wconf 88' lang='lat' dir='ltr'>intercalatum</span> <span class='ocrx_word' id='word_1_283' title='bbox 884 3839 946 3905; x_wconf 83' lang='lat' dir='ltr'>est3</span> <span class='ocrx_word' id='word_1_284' title='bbox 972 3827 1066 3893; x_wconf 90' lang='lat' dir='ltr'>tertio</span> <span class='ocrx_word' id='word_1_285' title='bbox 1093 3827 1145 3893; x_wconf 90' lang='lat' dir='ltr'>die</span> <span class='ocrx_word' id='word_1_286' title='bbox 1172 3838 1248 3913; x_wconf 91' lang='lat' dir='ltr'>post</span> <span class='ocrx_word' id='word_1_287' title='bbox 1270 3819 1374 3893; x_wconf 82' lang='lat' dir='ltr'>Termi·</span> 
     </span>
     <span class='ocr_line' id='line_1_36' title="bbox 362 3916 1373 3988; baseline 0.002 -6"><span class='ocrx_word' id='word_1_288' title='bbox 362 3917 448 3982; x_wconf 90' lang='lat' dir='ltr'>nalia</span> <span class='ocrx_word' id='word_1_289' title='bbox 464 3916 620 3984; x_wconf 88' lang='lat' dir='ltr'>kalendae</span> <span class='ocrx_word' id='word_1_290' title='bbox 636 3920 854 3988; x_wconf 87' lang='lat' dir='ltr'>intercalariae</span> <span class='ocrx_word' id='word_1_291' title='bbox 871 3921 971 3987; x_wconf 86' lang='lat' dir='ltr'>fuere.</span> <span class='ocrx_word' id='word_1_292' title='bbox 1017 3922 1201 3987; x_wconf 87' lang='lat' dir='ltr'>sacerdotes</span> <span class='ocrx_word' id='word_1_293' title='bbox 1218 3922 1303 3987; x_wconf 89' lang='lat' dir='ltr'>intra</span> <span class='ocrx_word' id='word_1_294' title='bbox 1317 3935 1373 3986; x_wconf 74' lang='lat' dir='ltr'>eun</span> 
     </span>
     <span class='ocr_line' id='line_1_37' title="bbox 363 4012 1373 4102; baseline 0.001 -27"><span class='ocrx_word' id='word_1_295' title='bbox 363 4033 483 4076; x_wconf 87' lang='lat' dir='ltr'>annum</span> <span class='ocrx_word' id='word_1_296' title='bbox 500 4012 617 4078; x_wconf 91' lang='lat' dir='ltr'>mortui</span> <span class='ocrx_word' id='word_1_297' title='bbox 635 4024 718 4089; x_wconf 88' lang='lat' dir='ltr'>sunt,</span> <span class='ocrx_word' id='word_1_298' title='bbox 733 4015 774 4079; x_wconf 84' lang='lat'>1..</span> <span class='ocrx_word' id='word_1_299' title='bbox 784 4015 984 4081; x_wconf 82' lang='lat' dir='ltr'>Flamininus</span> <span class='ocrx_word' id='word_1_300' title='bbox 1003 4012 1141 4102; x_wconf 86' lang='lat' dir='ltr'>[augur.</span> <span class='ocrx_word' id='word_1_301' title='bbox 1153 4063 1161 4080; x_wconf 91' lang='lat'><strong>.</strong></span> <span class='ocrx_word' id='word_1_302' title='bbox 1172 4013 1210 4101; x_wconf 89' lang='lat'>.],</span> <span class='ocrx_word' id='word_1_303' title='bbox 1227 4013 1373 4102; x_wconf 75' lang='lat' dir='ltr'>pontifics</span> 
     </span>
     <span class='ocr_line' id='line_1_38' title="bbox 363 4106 1373 4184; baseline 0.004 -15"><span class='ocrx_word' id='word_1_304' title='bbox 363 4106 428 4170; x_wconf 92' lang='lat' dir='ltr'>duo</span> <span class='ocrx_word' id='word_1_305' title='bbox 446 4106 659 4184; x_wconf 89' lang='lat' dir='ltr'>decesserunt,</span> <span class='ocrx_word' id='word_1_306' title='bbox 679 4107 719 4171; x_wconf 90' lang='lat' dir='ltr'>L.</span> <span class='ocrx_word' id='word_1_307' title='bbox 729 4109 848 4173; x_wconf 89' lang='lat' dir='ltr'>Furius</span> <span class='ocrx_word' id='word_1_308' title='bbox 861 4108 976 4174; x_wconf 90' lang='lat' dir='ltr'>Philus</span> <span class='ocrx_word' id='word_1_309' title='bbox 994 4120 1025 4174; x_wconf 92' lang='lat' dir='ltr'>et</span> <span class='ocrx_word' id='word_1_310' title='bbox 1044 4106 1083 4174; x_wconf 83' lang='grc' dir='ltr'>Ο.</span> <span class='ocrx_word' id='word_1_311' title='bbox 1094 4109 1212 4175; x_wconf 88' lang='lat' dir='ltr'>Livius</span> <span class='ocrx_word' id='word_1_312' title='bbox 1222 4109 1373 4176; x_wconf 75' lang='lat' dir='ltr'>Salinator·</span> 
     </span>
     <span class='ocr_line' id='line_1_39' title="bbox 362 4199 1374 4289; baseline 0.005 -26"><span class='ocrx_word' id='word_1_313' title='bbox 362 4200 397 4263; x_wconf 93' lang='lat' dir='ltr'>in</span> <span class='ocrx_word' id='word_1_314' title='bbox 414 4201 519 4268; x_wconf 89' lang='lat' dir='ltr'>locum</span> <span class='ocrx_word' id='word_1_315' title='bbox 537 4199 628 4265; x_wconf 88' lang='lat' dir='ltr'>Furii</span> <span class='ocrx_word' id='word_1_316' title='bbox 645 4201 683 4265; x_wconf 88' lang='grc' dir='ltr'>Τ.</span> <span class='ocrx_word' id='word_1_317' title='bbox 697 4202 858 4266; x_wconf 88' lang='lat' dir='ltr'>Manlium</span> <span class='ocrx_word' id='word_1_318' title='bbox 875 4204 1087 4289; x_wconf 84' lang='lat' dir='ltr'>Torquatum,</span> <span class='ocrx_word' id='word_1_319' title='bbox 1105 4204 1140 4270; x_wconf 91' lang='lat' dir='ltr'>in</span> <span class='ocrx_word' id='word_1_320' title='bbox 1157 4204 1235 4269; x_wconf 85' lang='lat' dir='ltr'>Livi</span> <span class='ocrx_word' id='word_1_321' title='bbox 1252 4204 1302 4268; x_wconf 90' lang='lat' dir='ltr'>M.</span> <span class='ocrx_word' id='word_1_322' title='bbox 1315 4200 1374 4268; x_wconf 70' lang='lat' dir='ltr'>Set·</span> 
     </span>
     <span class='ocr_line' id='line_1_40' title="bbox 364 4292 831 4382; baseline 0.009 -26"><span class='ocrx_word' id='word_1_323' title='bbox 364 4292 475 4358; x_wconf 87' lang='lat' dir='ltr'>vilium</span> <span class='ocrx_word' id='word_1_324' title='bbox 491 4294 657 4381; x_wconf 86' lang='lat' dir='ltr'>pontifices</span> <span class='ocrx_word' id='word_1_325' title='bbox 675 4296 831 4382; x_wconf 89' lang='lat' dir='ltr'>legerunt.</span> 
     </span>
    </p>
   </div>
   <div class='ocr_carea' id='block_1_3' title="bbox 0 0 1684 5092">
    <p class='ocr_par' dir='ltr' id='par_1_15' title="bbox 0 0 1684 5092">
     <span class='ocr_line' id='line_1_41' title="bbox 0 0 1684 5092; baseline 0 1"><span class='ocrx_word' id='word_1_326' title='bbox 0 0 1684 5092; x_wconf 95' lang='lat' dir='ltr'> </span> 
     </span>
    </p>
   </div>
  </div>
 </body>
</html>
