3359 5092
345 521 389 588 92
560 529 678 588 LIBER
695 529 870 600 XXXXIII,
889 529 914 584 6.
928 530 952 583 7.
973 531 1011 598 [a.
1021 543 1048 583 n.
1058 545 1082 585 e.
1092 529 1158 597 584]

346 690 514 779 peregrino
538 690 698 755 frumento
719 689 855 763 alerent,
882 697 1004 764 tamen,
1031 709 1072 751 ne
1091 686 1240 753 deessent
1258 684 1355 764 officio,
1402 725 1407 732 -

347 785 521 855 confecisse
548 795 581 849 et
606 783 669 849 alia
695 803 778 867 quae
802 782 1034 867 imperarentur
1060 793 1222 867 praestare
1248 793 1356 868 paratos

311 903 329 950 4
347 903 426 947 esse.
471 879 590 944 Milesii
607 879 687 943 nihil
703 876 899 964 praestitisse
917 873 983 963 [se]
1002 889 1230 955 memorantes,
1254 877 1358 963 siquid

346 976 503 1062 imperare
521 974 563 1039 ad
584 973 705 1040 bellum
726 982 857 1038 senatus
874 972 986 1048 vellet,
1013 982 1176 1057 praestare
1195 995 1230 1038 se
1248 983 1359 1058 paratos

313 1091 328 1137 5
346 1091 416 1135 esse
433 1067 565 1154 polliciti
582 1077 666 1132 sunt.
710 1064 956 1132 Alabandenses
974 1067 1130 1152 templum
1148 1067 1238 1131 urbis
1254 1069 1360 1133 Romae

346 1184 381 1229 se
403 1163 517 1228 fecisse
535 1181 825 1227 commemoravere
848 1159 1006 1244 ludosque
1029 1161 1265 1228 anniversarios
1283 1162 1310 1227 ei
1325 1161 1362 1224 di·

313 1277 407 1325 ovae
425 1255 599 1321 instituisse
622 1265 654 1320 et
676 1273 827 1319 coronam
849 1276 979 1319 auream
1001 1253 1239 1341 quinquaginta
1260 1256 1362 1341 pondo,

346 1373 444 1436 quam
461 1350 494 1415 in
508 1347 668 1434 Capitolio
685 1359 840 1434 ponerent
858 1346 977 1412 donum
995 1347 1067 1413 Iovi
1085 1349 1207 1435 optimo
1226 1350 1363 1424 maximo,

347 1445 491 1511 attulisse
514 1455 546 1510 et
570 1453 660 1508 scuta
682 1441 841 1526 equestria
863 1452 1018 1507 trecenta:
1045 1465 1098 1520 ea,
1125 1443 1178 1508 cui
1200 1443 1363 1519 iussissent,

346 1537 528 1604 tradituros.
572 1537 692 1601 donum
714 1548 750 1602 ut
771 1536 805 1600 in
824 1533 984 1622 Capitolio
1006 1557 1125 1622 ponere
1142 1549 1176 1602 et
1198 1538 1363 1603 sacrificare

314 1633 470 1710 cliceret,
497 1631 658 1718 petebant.
711 1629 773 1695 hoo
799 1627 928 1717 [etiam]
953 1629 1186 1717 Lampsaceni,
1214 1632 1364 1719 octoginta

346 1727 453 1814 pondo
479 1748 629 1794 coronam
656 1724 852 1803 adferentes,
883 1725 1051 1811 petebant,
1078 1739 1364 1800 commemorantes,

312 1841 328 1888 8
347 1821 529 1887 discessisse
548 1843 582 1886 se
600 1843 620 1884 a
635 1818 771 1896 Perseo,
793 1830 963 1904 postquam
981 1819 1147 1885 Romanus
1166 1822 1323 1887 exercitus
1338 1821 1363 1885 in

346 1915 572 1982 Macedoniam
598 1914 751 1990 venisset,
777 1935 852 1979 cum
879 1913 939 1978 sub
967 1914 1090 1980 dicione
1112 1913 1227 1981 Persei
1250 1927 1364 1982 etanta

315 2031 329 2076 a
346 2008 487 2096 Philippi
506 2007 650 2074 fuissent.
677 2029 736 2093 pro
753 2027 792 2072 eo
809 2018 841 2073 et
858 2007 945 2091 quod
963 2007 1208 2093 imperatoribus
1222 2010 1365 2075 Romanis

347 2102 454 2166 omnia
471 2102 711 2189 praestitissent,
728 2101 762 2165 id
780 2122 815 2166 se
832 2112 958 2166 tantum
976 2124 1077 2179 orare,
1095 2103 1185 2168 utin
1203 2105 1364 2169 amicitiam

346 2197 455 2283 populi
472 2196 610 2262 Romani
628 2197 844 2283 reciperentur
861 2208 902 2273 et,
921 2196 947 2261 si
965 2219 1030 2282 pax
1048 2218 1122 2262 cum
1134 2197 1260 2264 Perseo
1277 2199 1363 2272 fieret,

297 2310 329 2358 to
346 2290 576 2378 exciperentur,
594 2311 635 2355 ne
652 2289 686 2354 in
700 2289 822 2375 regiam
839 2300 1029 2376 potestatem
1045 2290 1236 2358 reciderent.
1265 2292 1364 2358 ceteris

346 2385 459 2472 legatis
473 2384 605 2451 comiter
617 2405 815 2470 responsum,
833 2383 1074 2470 Lampsacenos
1089 2385 1122 2450 in
1137 2386 1298 2453 sociorum
1310 2387 1364 2452 for·

346 2481 464 2546 mulam
473 2479 592 2545 resena
602 2476 643 2561 Q
654 2478 803 2545 Maenius
813 2490 941 2565 praetor
948 2479 1064 2545 iussus.
1083 2503 1219 2547 munera
1229 2482 1364 2547 omnibus

345 2575 378 2639 in
392 2575 534 2662 singulos
552 2574 663 2638 bintlm
676 2572 799 2637 milium
813 2573 895 2638 aeris
910 2574 994 2639 dats„
1023 2575 1272 2644 Alabandenses
1287 2589 1364 2642 scuta

346 2681 508 2754 reportare
522 2667 564 2732 ad
577 2668 619 2732 A.
630 2667 804 2733 Hostilium
817 2669 982 2733 consulem
996 2670 1031 2733 in
1039 2668 1270 2737 Macedoniam
1287 2670 1362 2737 iussi.

296 2779 325 2827 11
410 2761 455 2826 Et
473 2785 513 2826 ex
530 2760 643 2824 Africa
668 2761 765 2844 legati
788 2761 882 2826 simul
901 2759 1218 2849 Carthaginiensium
1238 2764 1288 2853 [et
1304 2767 1364 2830 Ms-
1401 2775 1405 2834 '.

347 2853 479 2920 sinissae
497 2865 667 2918 venerunt:
686 2850 1016 2942 Carthaginiensium]
1035 2858 1132 2923 tritici
1154 2860 1286 2925 deciens
1304 2882 1364 2925 cen-
1401 2863 1405 2916 l

346 2961 415 3012 tum
432 2947 519 3013 milia
537 2959 568 3014 et
587 2947 696 3013 hordei
713 2947 889 3035 quingenta
907 2949 1083 3016 indicantes
1101 2975 1136 3017 se
1155 2955 1198 3017 ad
1216 2977 1305 3021 mare
1321 2954 1364 3018 de·
1401 3009 1405 3042 2

296 3059 328 3108 rs
346 3053 439 3110 recta
455 3041 588 3118 habere,
610 3053 647 3106 ut
668 3063 732 3127 quo
749 3055 879 3108 senatus
898 3046 1072 3111 censuisset
1096 3047 1317 3133 deportarent:
1338 3045 1363 3110 id
1401 3123 1404 3134 Δ

345 3159 461 3202 munus
488 3137 694 3221 officiumque
724 3159 819 3202 suum
851 3137 931 3203 seire
962 3139 1069 3204 minus
1094 3163 1165 3206 esse
1192 3164 1294 3227 quam
1318 3161 1362 3228 pro
1400 3141 1404 3170 ¹

343 3232 463 3298 meritis
481 3233 590 3318 populi
608 3230 746 3296 Romani
763 3243 796 3296 et
813 3232 976 3298 voluntate
994 3255 1068 3311 sua3
1091 3236 1150 3300 sed
1172 3259 1273 3324 saepe
1290 3238 1362 3310 alias,

344 3327 436 3390 bonis
453 3325 487 3390 in
503 3327 599 3391 rebus
612 3326 779 3410 utriusque
796 3327 917 3412 populi,
936 3349 970 3392 se
988 3342 1153 3414 gratorum
1167 3330 1363 3415 fideliumque

294 3435 326 3485 18
344 3419 466 3484 socium
487 3419 674 3484 muneribus
695 3420 823 3484 functos
845 3443 924 3486 esse.
969 3422 1047 3488 item
1065 3423 1264 3492 Masinissae
1281 3422 1364 3512 legati

343 3511 438 3576 tritici
453 3511 587 3576 eandem
601 3535 759 3578 summam
773 3512 904 3598 polliciti
923 3529 953 3579 et
972 3516 1057 3580 mille
1072 3529 1103 3582 et
1117 3518 1276 3585 ducentos
1291 3517 1364 3603 equi-

344 3619 403 3672 tes.
421 3605 589 3670 duodecim
607 3607 804 3694 elephantos.
822 3623 854 3672 et
873 3609 899 3673 si
918 3611 995 3694 quid
1013 3611 1101 3675 aliud
1120 3634 1204 3698 opus
1218 3627 1312 3691 esset,
1328 3609 1363 3676 nti

343 3699 500 3784 inperaret
524 3719 668 3766 senatus:
696 3723 797 3784 aerque
819 3724 979 3788 propenso
997 3705 1120 3782 animo,
1149 3721 1182 3772 et
1204 3730 1290 3794 quae
1309 3709 1364 3793 ipse

295 3813 326 3858 rt
343 3793 427 3858 ultro
444 3793 602 3880 pollicitus
619 3796 671 3866 sit.
688 3809 922 3880 praestaturum
940 3821 1020 3863 esse.
1047 3801 1173 3885 gratiae
1191 3817 1224 3867 et
1240 3800 1362 3868 Cartha·

343 3887 540 3972 giniensibus
561 3905 592 3954 et
615 3889 684 3974 regi
708 3903 799 3954 astae
820 3892 1003 3977 rogatique,
1031 3913 1066 3958 ut
1085 3917 1124 3959 ea
1142 3917 1229 3978 quae
1246 3896 1364 3983 podice

342 3999 451 4047 rentur
464 3984 506 4048 ad
516 3983 690 4049 llosdlinm
698 3983 862 4049 mensulem
877 3985 909 4050 in
919 3986 1147 4054 hlaredonimn
1157 3991 1362 4078 deportarent.

342 4075 456 4160 leqmtis
473 4077 506 4142 in
522 4079 665 4162 singulos
684 4076 794 4141 binum
811 4079 933 4144 milium
952 4083 1035 4146 aeris
1053 4106 1188 4149 munera
1207 4087 1314 4152 missa.

312 4189 321 4232 r
407 4171 483 4236 vlt.
512 4169 714 4236 therassiam
732 4171 845 4256 legatis
864 4179 1190 4244 eerrrmemornntibus
1208 4204 1254 4256 se,
1273 4201 1362 4265 quan·
1400 4177 1403 4238 l

343 4278 411 4326 turn
432 4265 493 4328 sibi
515 4265 706 4352 imperatum
728 4287 748 4330 a
769 4265 888 4332 Publio
910 4268 1036 4338 Licinio
1060 4275 1194 4340 consule
1218 4291 1301 4341 esset
1321 4296 1363 4339 sa·
