3359 5092
351 535 417 601 218
542 544 763 603 PERIOOHAE
781 543 986 601 LIBRORUM
1003 538 1227 601 (lx-cm(
1283 576 1290 586 =

353 686 523 755 Hispaniam
537 685 571 739 L.
585 683 734 738 Afranium
748 689 777 738 et
789 682 828 737 M.
843 682 985 737 Petreium
998 682 1109 753 legatos
1125 680 1176 736 On.
1191 680 1308 750 Pompei
1322 698 1375 735 cun

354 761 463 877 septem
477 755 503 808 le
518 753 687 878 ..⁰3¹bbmvad
700 752 825 807 Ilerdam
837 752 868 806 iu
882 751 1054 874 dfditissnbm
1064 750 1174 832 accepit
1183 751 1375 872 ⁰m¹¹⁶⁸ql¹t⁶uil²‘

353 828 752 963 {laetabiliter
770 836 1375 969 ababattratlllsltllrttlal

354 961 464 1016 duobus
481 960 628 1015 navalibus
646 959 760 1029 proeliis
776 958 845 1012 victi
858 963 923 1027 post
936 957 1051 1028 longam
1064 957 1241 1012 obsldlonem
1275 963 1376 1011 otestau

354 1030 484 1086 Caesaris
494 1046 524 1084 se
533 1027 726 1099 permiserunt.
754 1026 785 1082 C.
795 1027 936 1080 Antonius
945 1027 1057 1098 legatus
1065 1024 1234 1081 Caesarism
1265 1025 1374 1080 cadver-

353 1117 401 1152 sus
415 1098 602 1168 Pompeianos
620 1097 649 1151 in
662 1096 776 1176 Illyrico
794 1095 879 1155 rebus
898 1094 986 1166 gestis
1003 1100 1103 1166 captus
1122 1099 1178 1163 est3
1197 1096 1228 1147 in
1243 1110 1299 1164 quo
1312 1093 1376 1148 bello

355 1167 515 1238 Opitergini
527 1166 724 1235 transpadani,
740 1164 870 1220 Caesaris
884 1164 1047 1233 auxiliares,
1061 1168 1122 1219 rate
1132 1180 1185 1217 sua
1195 1163 1232 1218 ab
1241 1163 1375 1217 hostilibus

354 1236 475 1290 navibus
489 1236 580 1303 clusa,
595 1237 687 1304 potius
698 1250 782 1304 quam
791 1235 820 1287 in
829 1237 999 1303 potestatem
1007 1233 1130 1287 hostium
1137 1233 1269 1287 venirent
1277 1234 1346 1286 inter
1353 1248 1375 1285 se

354 1309 552 1359 concurrentes
570 1304 769 1358 occubuerunt.
797 1300 827 1356 C.
843 1300 940 1370 Curio,
959 1302 1071 1373 legatus
1088 1299 1221 1356 Caesaris
1239 1301 1269 1355 in
1281 1300 1374 1355 Africa

355 1392 419 1428 curn
431 1389 564 1443 prospere
580 1372 712 1427 adversus
721 1371 828 1427 Varum
836 1370 1073 1439 Pompeianarum
1086 1371 1210 1439 partium
1225 1370 1324 1424 ducem
1336 1386 1374 1438 pu-

354 1447 484 1513 gnasset,
499 1441 598 1496 aluba
609 1457 677 1511 rege
687 1440 882 1494 Mauretaniae
892 1456 954 1493 cum
964 1441 1086 1494 exercitu
1095 1455 1196 1493 caesus
1207 1444 1258 1493 est.
1278 1437 1308 1493 C.
1318 1437 1374 1494 Cae·
1413 1435 1414 1460 ¹

355 1510 600 1565 sarinGraeciam
609 1510 730 1563 traiecit.

536 1590 575 1629 nx
589 1590 645 1629 ιιΒ.
661 1589 709 1629 cxl
725 1588 775 1639 Qvi
788 1590 841 1629 asu
856 1588 960 1629 orvrnrs
974 1588 1061 1629 snum
1075 1588 1203 1629 aramve.

406 1647 446 1701 M.
456 1646 568 1702 Caelius
577 1647 668 1701 Rufus
677 1653 804 1718 praetor,
820 1664 884 1700 cum
893 1646 1044 1701 seditiones
1052 1646 1084 1699 in
1093 1646 1163 1700 urbe
1173 1647 1330 1701 conoItarct
1337 1661 1373 1698 no·

355 1734 453 1771 varum
461 1716 621 1770 tabularum
630 1733 679 1786 spe
688 1715 772 1785 plebe
783 1716 946 1783 sollicitata,
962 1715 1099 1795 abrogato
1112 1715 1283 1785 magistratu
1292 1716 1373 1784 pulsus

355 1786 425 1840 urbe
448 1784 548 1839 Miloni
566 1783 652 1853 exuli,
677 1785 725 1854 qui
746 1784 929 1856 fugitivorum
956 1790 1106 1838 exercitum
1136 1788 1328 1848 contraxerat,
1351 1799 1373 1836 se

355 1853 507 1908 coniunxit.
533 1858 664 1923 uterque,
679 1853 858 1909 cumbellum
867 1852 1040 1920 molirentur,
1054 1851 1197 1907 interfecti
1208 1859 1282 1906 sunt
1309 1851 1373 1907 Cleo

356 1929 441 1992 patra
452 1922 553 1993 regina
562 1922 688 1993 Aegypti
698 1922 889 1985 aPtolemaeo
902 1920 991 1976 fratre
1005 1937 1093 1992 regno
1103 1921 1187 1991 pulsa
1196 1928 1249 1975 cst.
1275 1927 1374 1991 propter

356 1992 390 2055 Q.
406 1990 487 2046 Cassi
504 1992 641 2060 praetoris
656 1991 802 2045 avaritiam
816 1990 1066 2060 crudelitatemque
1081 1989 1280 2045 Cordubenses
1294 1991 1321 2044 in
1332 1988 1372 2043 Hi·

356 2060 542 2183 itarital
565 2059 876 2184 liltmltlssltnl
898 2057 1372 2190 ¹²tlll⁰aalffltltlll

357 2197 503 2267 praesidiis
522 2197 581 2252 eius
600 2214 663 2251 cum
675 2147 780 2269 mbgna
795 2146 1017 2252 cladeyldribersae
1030 2196 1120 2266 partis
1133 2214 1186 2266 exp
1229 2197 1302 2252 natis
1314 2195 1372 2251 obsi·

357 2266 440 2320 dione
458 2266 607 2335 liberatus,
627 2266 765 2320 nansiato
782 2265 813 2319 in
826 2265 1005 2321 Thessaliam
1018 2265 1107 2330 belle,
1123 2282 1141 2319 a
1160 2267 1200 2319 ud
1236 2265 1372 2321 harsalian

357 2335 419 2389 acie
431 2335 520 2389 viotrrs
529 2340 580 2390 est.
607 2334 705 2390 Cicero
719 2334 857 2389 incastris
866 2335 1012 2402 remansit,
1026 2334 1069 2387 vir
1098 2331 1104 2346 ⁵
1128 2336 1134 2346 ‘
1156 2331 1372 2409 minusquamad

356 2404 433 2459 bella
455 2409 547 2458 natus.
583 2404 765 2473 omnibusque
785 2404 964 2458 adversarum
979 2402 1114 2473 partium,
1140 2403 1190 2473 qui
1208 2419 1237 2458 se
1255 2409 1371 2474 potestati

355 2473 468 2527 victoris
477 2473 670 2542 permiserant,
680 2471 785 2527 Caesar
792 2472 910 2541 ignovit.

528 2555 570 2593 nx
582 2554 638 2594 me.
655 2552 713 2592 oxu
728 2553 777 2603 Qvi
791 2553 845 2593 ner
858 2552 962 2593 olvnas
975 2552 1062 2593 Banu
1076 2552 1216 2602 Qvaauvs

408 2610 574 2681 Trepidatio
588 2613 724 2665 victarum
758 2610 860 2665 artium
872 2610 902 2665 in
915 2611 1040 2667 diversas
1053 2611 1128 2664 orbis
1141 2618 1281 2666 terrarum
1293 2615 1370 2682 partos

357 2686 387 2734 et
403 2680 473 2750 fuga
490 2681 619 2735 refertur.
657 2679 709 2734 Cn.
753 2679 879 2749 ompeius
898 2696 961 2734 cum
978 2681 1022 2734 Ae
1082 2685 1143 2733 tum
1159 2682 1294 2749 petisset,
1311 2681 1390 2734 iussu·

356 2748 513 2817 Btolemaei
526 2749 615 2819 regis,
629 2749 731 2818 pupilli
744 2750 800 2817 sui,
815 2756 928 2805 auctore
938 2748 1018 2804 'ibeo
1039 2755 1085 2802 oto
1098 2755 1296 2819 praeceptore,
1310 2747 1370 2803 cuius

356 2833 462 2887 magna
472 2821 541 2886 aput
548 2834 644 2888 regem
654 2819 805 2872 auctoritas
816 2824 885 2886 erat,
892 2817 1046 2872 etPothino
1056 2817 1165 2872 occisus
1175 2826 1219 2873 est
1224 2819 1262 2873 ab
1267 2815 1369 2875 Aehffla

357 2885 405 2938 cui
421 2884 451 2937 id
469 2884 580 2940 facinus
599 2891 661 2940 erat
677 2885 739 2940 dele
763 2893 853 2953 atum,
872 2886 901 2940 in
918 2886 1049 2941 navicrda
1067 2892 1221 2957 antequam
1237 2887 1269 2941 in
1284 2893 1369 2942 mnan

357 2952 453 3007 exiret.
481 2952 613 3008 Cornelia
626 2972 694 3008 uxor
708 2904 813 3010 cthcx.
827 2954 979 3026 Pompeius
993 2953 1068 3008 filius
1084 2954 1107 3010 C
1148 2972 1201 3010 ron
1215 2955 1369 3026 refugerunt

357 3022 465 3077 Caesar
471 3026 536 3092 post
544 3022 657 3077 tertium
668 3022 742 3078 diem
750 3024 907 3090 insecutus,
921 3041 985 3080 cum
999 3024 1026 3080 ei
1035 3023 1116 3079 Theo
1137 3030 1202 3079 otus
1212 3024 1369 3096 caputPou·

356 3091 405 3161 pei
418 3096 448 3145 et
462 3091 575 3146 anulum
590 3092 750 3162 obtulisset,
764 3092 891 3148 infensus
904 3098 948 3148 est
964 3099 994 3148 et
1010 3093 1214 3162 inlacrimauit3
1234 3097 1309 3162 [nec]
1325 3092 1369 3146 sinc

356 3160 481 3231 periculo
491 3160 692 3216 Alexandriam
700 3161 917 3217 tumultuantem
926 3161 1047 3216 intravit.
1066 3161 1173 3217 Caesar
1182 3163 1304 3218 dictator
1312 3176 1370 3216 crea·

355 3237 402 3282 tus
415 3228 594 3299 Cleopatram
613 3232 642 3284 in
659 3246 777 3301 regnum
790 3229 917 3310 Aegypti
929 3230 1039 3285 reduxit
1056 3236 1086 3285 et
1101 3230 1272 3287 inferentem
1285 3230 1370 3287 bellum

356 3298 550 3352 Ptolemaeum
558 3297 648 3354 isdem
658 3299 826 3366 auctoribus,
861 3299 943 3354 uibus
952 3298 1117 3369 Pompeium
1126 3299 1315 3368 interfecerat,
1324 3312 1370 3353 cru

356 3381 519 3444 magnonsuo
530 3367 687 3423 discrimine
696 3368 771 3422 vicit.
789 3316 970 3423 Ptoiemaeus
979 3368 1045 3422 dum
1052 3367 1135 3439 fugit,
1145 3368 1253 3425 inNilo
1262 3365 1371 3424 navicula

356 3434 491 3487 subsedit.
517 3442 665 3504 praeterea
682 3435 854 3490 laboriosum
866 3436 905 3490 M.
921 3436 1036 3491 Catonis
1053 3435 1085 3490 in
1097 3436 1198 3492 Africa
1236 3455 1268 3493 er
1280 3440 1370 3494 deserto

323 3561 325 3566 ,
357 3519 422 3555 cum
435 3502 592 3572 legionibus
606 3506 660 3559 iter
674 3510 703 3560 et
715 3505 820 3559 bellum
834 3522 853 3561 a
866 3504 917 3561 Cn.
926 3504 1051 3560 Domitio
1065 3505 1200 3561 adversus
1213 3455 1370 3562 flammea

357 3587 456 3641 parum
464 3587 597 3641 prospere
607 3579 717 3645 gestum
726 3573 858 3629 continet.

527 3654 567 3693 nx
579 3654 635 3694 1113.
651 3653 721 3694 cxm
736 3654 787 3703 Qu
799 3654 853 3694 usa
866 3653 971 3695 omns
985 3654 1074 3696 nanu
1092 3653 1228 3705 Qwuuvs.

409 3708 586 3765 Confirmatis
600 3711 630 3765 iu
639 3711 738 3766 Africa
746 3711 927 3782 Pompeianis
936 3712 1077 3784 partibus,
1092 3712 1131 3766 im
1153 3708 1370 3770 eriumearml·

359 3776 405 3833 Sci
425 3781 483 3834 ioni
497 3779 622 3834 delatum
635 3785 678 3836 est
691 3779 811 3849 Catone,
826 3780 872 3835 cui
886 3797 1024 3851 exaequo
1038 3730 1224 3837 deferebatur
1234 3782 1370 3857 impensu

358 3863 390 3902 ce
411 3854 483 3903 ente.
511 3853 615 3903 etcum
630 3850 665 3903 de
680 3849 816 3905 diruenda
829 3850 899 3905 urbe
908 3850 993 3906 Vtica
1025 3850 1372 3921 ropterfavoremeiviau

357 3918 417 3972 eius
435 3916 466 3971 in
478 3916 628 3971 Caesarem
646 3918 849 3973 deliberaretur
862 3918 891 3972 id
911 3936 947 3974 ue
959 3935 995 3974 ne
1005 3868 1091 3974 1lieret
1103 3918 1143 3973 M.
1158 3919 1233 3976 Cato
1246 3920 1370 3976 tenuisset

357 3985 430 4042 Iuba
444 3985 593 4054 suadente,
607 3991 639 4040 ut
653 3986 820 4055 dirueretur,
834 3934 926 4042 tuteia
938 3987 998 4042 eius
1013 3993 1042 4043 et
1055 3988 1188 4043 custodia
1200 3990 1331 4045 mandata
1341 3989 1372 4040 etl

357 4054 468 4109 Catoni.
495 4052 545 4109 On.
555 4054 707 4125 Pompeius
715 4054 902 4136 Magnifilius
915 4056 945 4111 in
954 4056 1094 4136 Hispania
1107 4059 1263 4114 contractis
1276 4056 1370 4114 viribus

357 4139 475 4245 ι(ξιιιιινιιιιι
498 4123 630 4177 ducatum
652 4139 705 4178 nee
721 4124 857 4178 Ali-amus
878 4142 931 4180 nec
948 4125 1076 4180 Petrerus
1099 4126 1231 4196 excipere
1248 4125 1371 4182 volebat

357 4209 407 4313 rix
415 4259 512 4329 Ponti,
528 4262 588 4316 sine
601 4262 660 4316 ulla
673 4261 740 4317 belli
754 4262 932 4316 moravictus
941 4268 993 4317 est.
1020 4279 1085 4317 cum
1094 4263 1248 4321 seditiones
1256 4264 1371 4320 Roman

357 4326 390 4381 P.
400 4328 553 4385 Dolabella
565 4331 678 4386 tribuno
690 4330 796 4401 plebis,
809 4330 904 4401 legem
916 4330 1025 4389 ferente
1038 4331 1075 4388 de
1088 4333 1170 4390 noris
1184 4333 1302 4403 tabulis,
1314 4326 1371 4389 exei-

394 4191 926 4248 llumadversusGaesaremrenovarit.
948 4194 1112 4249 Pharnaces
1122 4194 1297 4251 Mithridatis
1304 4193 1371 4251 fila,
