3359 5092
475 533 593 592 LIBER
610 532 769 603 xxxxss,
788 532 831 589 24.
845 533 888 590 aa.
906 539 946 602 [a.
956 533 987 591 0.
998 535 1060 605 172]
1237 523 1279 588 47

271 693 347 761 tad
365 690 609 778 disceptandum
626 689 770 756 veniant:
789 714 834 769 se,
854 687 912 779 [si]
927 691 1048 776 aliquid
1065 704 1195 779 possent
1208 694 1282 760 Ma·
1301 718 1314 764 r
1378 689 1382 698 ’

270 789 386 856 inissae
412 784 542 852 honoris
569 807 681 861 causa,
708 796 741 851 et
761 785 876 852 fecisse
898 797 931 853 et
952 786 1093 852 facturos
1121 810 1204 867 esse3
1232 789 1281 854 ius

270 883 380 967 [retiae
396 903 463 946 non
484 880 570 945 dare.
619 901 747 965 agrum,
774 901 839 964 qua
865 880 1019 965 cuiusque
1046 881 1101 959 sit,
1127 882 1315 968 possideris

270 978 350 1056 relle,
371 998 433 1043 nec
455 996 554 1040 novos
572 984 710 1040 statuere
728 974 823 1052 fines,
846 975 904 1042 sed
921 987 1043 1042 veteres
1061 976 1231 1044 observare
1248 979 1281 1043 in

270 1072 359 1138 mimo
381 1069 510 1136 habere.
556 1065 876 1153 Carthaginiensibus
899 1069 991 1135 victis
1014 1091 1048 1136 se
1066 1081 1098 1136 et
1119 1070 1232 1136 urbem
1251 1082 1282 1138 et
1300 1095 1314 1143 9

270 1188 348 1254 egros
366 1164 573 1242 concessisse,
589 1185 652 1229 non
671 1164 758 1228 utin
775 1185 855 1250 pace
873 1164 1032 1250 eriperent
1048 1187 1106 1251 per
1123 1164 1280 1242 iniuriam,

270 1281 337 1346 quae
362 1260 438 1326 iure·
458 1259 534 1324 belli
554 1279 620 1323 non
642 1256 845 1324 ademissent.
887 1250 939 1323 ita
961 1259 1090 1345 regulus
1114 1255 1283 1348 Carthagi·
1303 1282 1333 1328 10

270 1354 449 1439 uiensesque'
466 1352 597 1418 dimissi.
641 1374 774 1418 munera
801 1375 841 1418 ex
867 1352 1012 1418 instituto
1038 1352 1112 1418 data
1138 1355 1281 1439 utrisque

270 1449 379 1534 iliaque
396 1447 566 1535 hospitalia
584 1447 716 1512 comiter
733 1457 930 1512 conservata.

319 1541 435 1610 XXV.
464 1540 535 1608 Sub
556 1540 641 1608 idem
659 1552 785 1627 tempus
805 1538 866 1606 Cn.
887 1539 1041 1607 Servilius
1061 1538 1199 1628 Caepio,
1216 1543 1280 1629 Ap.
1303 1564 1314 1610 1

270 1633 412 1704 (lbudius
431 1633 574 1713 Centho,
592 1635 631 1700 T.
650 1636 778 1701 Annius
797 1635 925 1701 Luscus
948 1636 1047 1722 legati
1064 1635 1106 1701 ad
1123 1659 1173 1703 res
1191 1660 1282 1725 repe·

272 1731 366 1798 undas
387 1732 422 1797 in
443 1730 670 1798 Macedoniam
692 1731 1000 1815 renuntiandamque
1025 1732 1195 1797 amicitiam
1213 1734 1282 1820 regi

272 1825 344 1892 nhsi
359 1824 531 1902 redierunt,
550 1824 605 1909 qui
621 1825 685 1890 iam
698 1847 758 1889 sua
772 1836 886 1911 sponte
901 1824 1051 1890 infestum
1062 1824 1173 1891 Persei
1190 1849 1282 1892 sena·
1301 1846 1315 1893 2

272 1927 325 1986 tun
352 1920 485 2006 insuper
510 1918 723 1985 accenderunt
748 1919 856 1984 relatis
883 1917 993 1984 ordine
1020 1941 1103 2004 quae
1129 1919 1282 1987 vidissent

272 2032 401 2100 quaeque
419 2013 595 2080 audissentt
618 2013 735 2079 vidisse
753 2036 788 2078 se
811 2034 870 2099 per
887 2034 996 2078 omnes
1014 2013 1110 2079 urbes
1128 2013 1282 2081 Macedo-

273 2127 334 2176 num
349 2132 475 2176 summa
492 2108 525 2173 vi
546 2108 652 2194 parari
675 2108 802 2173 bellum.
839 2129 912 2173 cum
931 2108 973 2173 ad
994 2130 1103 2194 regem
1120 2110 1315 2195 pervenis-3

272 2213 341 2280 sent,
366 2225 425 2290 per
450 2202 567 2267 multos
594 2202 661 2267 dies
684 2200 894 2267 conveniendi
917 2202 985 2267 eius
1008 2213 1197 2288 potestatem
1218 2225 1283 2269 non

272 2293 386 2376 hetam3
410 2308 570 2383 postremo
593 2318 667 2362 cum
685 2296 852 2383 desperato
874 2296 939 2361 iam
957 2297 1124 2382 conloquio
1147 2299 1283 2385 profecti

271 2403 375 2471 erent,
401 2402 472 2458 tum
498 2391 628 2458 demum
650 2414 684 2458 se
706 2414 748 2457 ex
768 2391 881 2457 itinere
902 2402 1067 2457 revocatos
1090 2403 1122 2457 et
1144 2394 1186 2458 ad
1209 2416 1282 2459 eum

272 2481 452 2554 introductos
469 2507 549 2552 esse.
593 2507 671 2552 suae
694 2486 845 2552 orationis
868 2508 1025 2551 summam
1047 2486 1156 2560 fuisse,
1168 2487 1282 2553 foedus
1301 2506 1317 2552 4

272 2580 490 2667 amPhilippo
503 2580 603 2646 ictum
617 2602 697 2659 esse,
716 2603 790 2646 oum
807 2580 877 2666 ipso
892 2601 929 2645 eo
947 2591 1019 2665 post
1032 2591 1166 2646 mortem
1184 2581 1283 2667 patris

271 2687 453 2754 renovatum,
470 2675 581 2760 inquo
595 2675 712 2742 diserte
729 2675 892 2762 prohiberi
907 2697 980 2740 eum
994 2686 1084 2740 extra
1101 2675 1180 2741 fines
1194 2699 1283 2742 arma

271 2767 383 2848 efferre,
409 2769 571 2857 prohiberi
594 2770 697 2836 socios
719 2770 828 2857 populi
849 2769 987 2835 Romani
1008 2771 1164 2837 lacessere
1186 2771 1282 2838 bello,

271 2865 400 2952 crposita
422 2863 537 2931 deinde
559 2864 601 2929 ab
619 2887 654 2932 se
672 2864 782 2931 ordine
805 2886 887 2949 quae
905 2863 967 2950 ipsi
989 2887 1092 2951 nuper
1113 2865 1148 2930 in
1170 2876 1282 2932 senatu
1301 2883 1316 2931 5

273 2953 425 3026 Eumenen
446 2980 524 3023 vera
541 2958 647 3023 omnia
669 2969 702 3024 et
724 2969 875 3045 conperta
897 2958 1087 3025 referentem
1110 2959 1282 3026 audissent.

273 3047 485 3120 Samothracae
507 3063 671 3139 praeterea
692 3074 751 3137 per
771 3053 889 3117 multos
911 3051 978 3117 dies
997 3053 1157 3118 occultum
1181 3054 1284 3118 consi·
1302 3073 1316 3119 6

274 3141 337 3214 hum
352 3169 427 3214 cum
448 3145 661 3233 legationibus
680 3146 856 3212 civitatium
874 3146 974 3212 Asiae
991 3168 1103 3232 regem
1122 3146 1282 3212 habuisse.

275 3259 317 3324 pro
332 3241 381 3308 hic
398 3240 522 3307 iniuriis
537 3240 683 3307 satisfieri
696 3251 841 3306 senatum
856 3262 968 3306 aecum
983 3261 1112 3306 censere
1131 3239 1284 3325 reddique
1303 3259 1316 3305 7

275 3331 322 3402 ahi
335 3359 385 3402 res
408 3336 566 3420 sociisque
589 3335 670 3413 suis,
697 3356 777 3419 quas
799 3347 909 3400 contra
930 3335 980 3398 ius
998 3333 1135 3400 foederis
1157 3334 1282 3400 habeat.

276 3447 366 3518 rogem
388 3430 432 3497 ad
453 3451 493 3496 ea
518 3429 620 3515 primo
642 3450 811 3494 accensum
833 3429 882 3494 ira
904 3428 1110 3494 inclementer
1131 3429 1283 3508 locutum,
1302 3447 1317 3496 8

278 3523 424 3590 avaritiam
441 3522 688 3609 superbiamque
702 3523 857 3589 Romanis
874 3522 1066 3588 obicientem
1083 3521 1286 3589 frementem-

278 3631 335 3698 que,
350 3618 437 3704 quod
454 3618 496 3684 ali
515 3639 611 3704 super
624 3619 703 3684 alios
721 3618 819 3704 legati
832 3617 977 3684 venirent
994 3617 1187 3703 speculaturi
1201 3616 1285 3684 dicta

280 3705 407 3798 tuaque
434 3735 507 3789 sua,
535 3711 622 3797 quod
648 3734 682 3777 se
710 3712 752 3777 ad
778 3722 892 3776 nutum
916 3711 1149 3798 imperiumque
1175 3734 1285 3778 eorum

280 3806 367 3872 onnia
382 3806 490 3873 dicere
507 3827 546 3871 ac
568 3804 674 3872 facere
692 3827 806 3871 aecum
823 3816 989 3872 censerent
994 3829 1003 3883 3
1025 3815 1186 3893 postremo
1203 3805 1287 3871 mul·
1305 3824 1319 3872 a

271 3903 335 3974 dam
349 3923 385 3967 ac
401 3900 457 3966 diu
475 3900 684 3966 vociferatum
700 3900 816 3966 reverti
833 3913 960 3986 postero
979 3899 1030 3966 die
1047 3900 1191 3966 iussisset
1210 3902 1286 3968 scri·

284 4001 354 4074 llum
378 4018 412 4063 se
437 4018 626 4084 responsum
652 3995 728 4061 dare
755 3997 847 4063 velle.
891 4007 959 4062 tum
985 3998 1031 4063 ita
1052 3998 1113 4063 sibi
1135 3999 1287 4084 scriptum
1307 4011 1338 4058 10

285 4086 413 4156 tadum
430 4113 514 4158 esser
536 4087 650 4157 foedus
669 4111 742 4155 cum
759 4102 850 4178 patre
867 4090 966 4157 ictum
984 4091 1026 4156 ad
1044 4114 1077 4157 se
1095 4091 1174 4156 nihil
1191 4090 1287 4176 perti·

287 4193 357 4262 auu
371 4183 404 4252 id
420 4208 454 4252 se
472 4183 619 4252 renovari
636 4205 700 4250 non
715 4183 791 4269 quia
808 4186 968 4271 probaret,
987 4186 1043 4251 sed
1061 4185 1136 4269 quia
1152 4183 1187 4248 in
1203 4203 1287 4248 nova

289 4278 460 4354 Mona
477 4278 569 4365 regni
586 4278 736 4366 patienda
750 4280 857 4345 omnia
870 4291 985 4359 essent,
1003 4300 1143 4365 passum.
1169 4298 1287 4343 novom
1308 4294 1336 4341 11
