3359 5092
501 531 620 588 amun
635 531 794 603 mour,
813 533 916 588 ss-ar
936 532 1092 604 [assu]
1268 520 1310 586 57

285 691 386 778 rogati
403 690 525 755 auxilia
533 686 704 756 Cretenses
721 690 880 756 misissent
889 727 943 768 -,
960 691 1122 759 Numidae
1134 692 1212 759 item
1223 693 1312 777 equi-

287 801 331 852 tes
361 784 596 871 elephantique.
648 783 682 849 in
708 806 779 849 eam
807 807 877 850 rem
907 785 1005 871 legati
1037 786 1080 850 ad
1105 786 1345 858 Masinissam

288 877 629 966 Carthaginiensesque
646 878 736 943 missi
752 879 794 944 L.
811 879 999 945 Postumius
1017 880 1167 957 Albinus,
1186 879 1229 963 Q.
1247 880 1311 946 Te-

290 975 404 1040 rentius
422 971 548 1050 Culleo,
567 971 607 1039 O.
625 974 780 1038 Aburius.
812 974 847 1038 in
865 971 996 1040 Cretam
1013 975 1090 1041 item
1107 975 1230 1061 legatos
1247 986 1311 1041 tres

291 1068 331 1133 ire
346 1068 482 1155 placuit,
507 1068 551 1132 A.
569 1066 773 1134 Postumium
790 1068 963 1147 Albinum,
987 1067 1026 1135 C.
1044 1070 1243 1149 Decimium,
1266 1072 1310 1135 A.

294 1161 448 1229 Licinium
464 1162 616 1228 Nervam.

347 1256 519 1325 XXXVI.
545 1256 611 1322 Per
635 1257 722 1322 idem
748 1269 874 1344 tempus
900 1258 998 1344 legati
1026 1259 1067 1323 ab
1093 1282 1169 1345 rege
1190 1258 1344 1329 Perseor

297 1363 449 1419 venerunt.
494 1352 603 1417 cosin
625 1352 780 1439 oppidum
800 1353 967 1418 intromitti
993 1375 1057 1418 non
1078 1354 1212 1438 placuit,
1237 1377 1311 1420 cum

298 1445 350 1510 iam
370 1446 491 1512 bellum
511 1446 582 1533 regi
604 1468 715 1511 eorum
738 1458 770 1512 et
791 1447 1026 1513 Macedonibus
1050 1460 1082 1513 et
1104 1460 1233 1515 senatus
1256 1450 1312 1516 de-

298 1553 401 1607 cresset
410 1552 443 1608 et
454 1542 592 1628 populus
605 1542 759 1607 iussisset
785 1542 820 1607 in
829 1541 941 1608 aedem
950 1543 1105 1609 Bellonae
1118 1544 1152 1608 in
1165 1556 1312 1610 senatum
1331 1566 1346 1614 2

298 1634 455 1701 introducti
471 1636 517 1701 ita
534 1637 633 1702 verba
649 1636 810 1702 fecerunt:
830 1637 938 1702 mirari
954 1636 1074 1704 Persea
1091 1660 1216 1724 regem,
1235 1639 1313 1724 quid

298 1729 551 1796 hldacedoniam
567 1731 727 1796 exercitus
745 1732 950 1817 transportati
967 1744 1087 1809 essent;
1106 1733 1133 1797 si
1148 1733 1312 1819 impetrari
1331 1755 1345 1803 3

298 1836 434 1891 asenatu
451 1837 573 1911 posset,
599 1838 637 1890 ut
658 1826 903 1904 iirevocentur,
930 1849 1039 1912 regem
1057 1827 1098 1893 de
1120 1827 1257 1905 iniuriis,
1285 1829 1313 1892 si

298 1940 364 2005 quas
385 1920 480 1985 sociis
506 1920 608 1985 factas
636 1933 859 2004 quererentur,
886 1921 1043 1986 arbitratu
1070 1933 1198 1987 senatus
1222 1923 1312 1987 satis·

295 2012 443 2079 facurrum
457 2036 537 2080 esse.
566 2013 623 2099 Sp.
634 2013 794 2079 Carvilius
807 2016 850 2079 ad
867 2038 939 2080 eam
956 2016 1060 2102 ipsam
1072 2039 1142 2081 rem
1156 2040 1195 2081 ex
1206 2014 1309 2081 Grae-
1330 2040 1346 2084 4

295 2109 337 2174 cia
351 2110 501 2175 remissus
519 2109 560 2173 ab
579 2107 640 2174 Cn.
660 2107 781 2175 Sicinio
803 2110 837 2175 in
860 2122 972 2176 senatu
990 2124 1067 2176 erat
1111 2111 1138 2175 is
1155 2110 1314 2176 Perrhae-

295 2201 370 2268 biam
388 2216 606 2289 expugnatam
623 2204 730 2281 armis,
750 2204 935 2271 Thessaliae
949 2205 1070 2289 aliquot
1083 2204 1178 2272 urbes
1193 2215 1313 2291 captas,

292 2310 388 2364 cetera
413 2322 497 2384 quae
522 2310 579 2364 aut
602 2310 711 2385 ageret
734 2311 791 2364 aut
811 2311 938 2385 pararet
960 2323 1031 2377 rex,
1060 2322 1133 2365 cum
1155 2313 1312 2386 argueret,

291 2395 475 2480 respondere
493 2394 534 2457 ad
551 2417 591 2459 ea
607 2394 705 2479 legati
722 2394 811 2460 iussi.
843 2406 1012 2480 postquam
1030 2394 1241 2472 haesitabant,
1257 2419 1314 2461 ne-
1331 2415 1346 2463 5

291 2501 396 2572 gantes
415 2488 477 2552 sibi
494 2488 578 2553 ultra
594 2489 768 2573 quicquam
785 2489 973 2553 mandatum
991 2509 1075 2565 esse,
1095 2487 1175 2552 iussi
1195 2511 1314 2553 renun-

291 2580 363 2647 tiare
389 2582 474 2668 regi,
507 2584 671 2648 consulem
696 2581 736 2649 P.
763 2582 927 2649 Licinium
953 2581 1044 2646 brevi
1070 2603 1144 2646 cum
1171 2582 1313 2647 exercitu

291 2675 429 2742 futurum
451 2678 484 2742 in
507 2677 701 2743 Macedonia
724 2700 807 2744 esser
835 2678 878 2742 ad
904 2700 992 2753 eum,
1019 2677 1048 2741 si
1074 2676 1257 2742 satisfacere
1279 2677 1313 2741 in
1332 2692 1346 2739 o

290 2772 390 2836 animo
418 2784 512 2849 esset,
540 2772 680 2839 mitteret
703 2774 844 2858 legatos3
870 2772 1009 2838 Romam
1034 2772 1123 2855 quod
1148 2782 1312 2858 praeterea

290 2868 436 2946 mitteret,
458 2889 524 2933 non
547 2890 630 2934 esse:
657 2868 818 2934 neminem
836 2890 947 2934 eorum
964 2890 1022 2954 per
1037 2868 1166 2933 Italiam
1181 2868 1228 2933 ire
1244 2868 1314 2933 lici-

290 2971 401 3027 turum.
446 2963 492 3028 ita
511 2962 647 3027 dimissis
665 2962 705 3027 P.
723 2962 851 3028 Licinio
869 2962 991 3027 consuli
1008 2961 1210 3039 mandatum,
1231 2963 1314 3027 intra
1333 2978 1346 3024 r

291 3057 491 3122 undecimum
509 3057 594 3122 diem
610 3056 734 3123 iuberet
752 3079 807 3122 eos
820 3057 916 3123 Italia
933 3058 1098 3134 excedere,
1117 3068 1149 3121 et
1165 3054 1222 3141 Sp.
1233 3054 1314 3121 Car-

292 3151 397 3217 vilium
414 3152 563 3229 mitteret,
581 3152 652 3236 qui,
671 3153 772 3217 donec
788 3175 905 3218 navem
923 3151 1190 3227 conscendissent,
1208 3160 1315 3214 custo-

292 3246 375 3312 diret.
409 3248 490 3313 haec
508 3248 631 3313 Romae
649 3259 722 3314 acta
738 3249 882 3313 nondum
899 3247 1049 3334 profectis
1067 3246 1101 3311 in
1117 3242 1314 3330 provinciam
1332 3257 1347 3305 8

291 3344 480 3407 consulibus.

348 3439 420 3504 Iam
443 3436 506 3504 Cn.
526 3437 679 3517 Sicinius,
707 3439 763 3524 qui
784 3439 972 3525 priusquam
993 3436 1181 3523 magistratu
1203 3435 1316 3514 abiret,

289 3528 495 3599 Brundisium
513 3536 554 3600 ad
572 3536 706 3600 classem
724 3546 756 3600 et
773 3535 815 3599 ad
833 3534 1008 3599 exercitum
1025 3530 1218 3617 praemissus
1236 3541 1314 3609 erat,

289 3629 423 3694 traiectis
447 3630 482 3694 in
504 3627 640 3715 Epirum
665 3628 806 3713 quinque
828 3628 957 3693 milibus
984 3626 1142 3713 peditum,
1168 3625 1316 3691 trecentis

289 3725 462 3808 equitibus,
494 3725 536 3790 ad
563 3724 791 3811 Nymphaeum
822 3723 857 3787 in
883 3745 962 3809 agro
988 3720 1186 3808 Apolloniati
1213 3730 1317 3786 castra

287 3812 435 3885 habebat.
480 3820 556 3885 inde
574 3820 719 3884 tribunos
737 3841 812 3883 cum
830 3818 956 3883 duobus
974 3816 1103 3881 milibus
1119 3815 1257 3880 militum
1275 3814 1317 3878 ad
1335 3825 1349 3872 9

288 3915 475 4001 occupanda
500 3913 761 3979 Dassaretiorum
791 3923 823 3978 et
848 3912 1031 3997 Illyriorum
1064 3911 1208 3987 castella,
1239 3908 1316 3993 ipsis

287 4010 526 4075 accersentibus
544 4008 713 4095 praesidia,
731 4019 766 4073 ut
784 4008 916 4073 tutiores
934 4031 955 4072 a
970 4006 1177 4071 finitimorum
1194 4005 1317 4087 impetu

285 4099 506 4170 Macedonum
525 4115 639 4180 essent,
658 4103 752 4167 misit.

349 4198 542 4264 XXXVII.
569 4198 688 4263 Paucis
702 4209 775 4283 post
790 4197 903 4262 diebus
917 4195 959 4278 Q.
969 4195 1125 4271 Marcius,
1143 4192 1186 4255 A.
1196 4188 1317 4254 Atilius
1337 4206 1350 4253 1

285 4304 318 4358 et
334 4293 375 4360 P.
394 4305 427 4360 et
445 4292 579 4360 Servius
599 4289 730 4357 Corneli
748 4291 881 4357 Lentuli
899 4302 931 4357 et
947 4290 990 4354 L.
1007 4286 1190 4368 Decimius,
1217 4282 1317 4370 legati
