3359 5092
516 526 634 583 aussa
651 527 792 601 xxxxs,
810 530 854 585 se.
867 529 909 584 ss.
930 534 969 600 [a.
979 531 1011 588 o.
1021 533 1084 603 174]
1270 521 1314 588 23

285 685 317 751 td
335 696 464 750 certum
481 685 662 772 redigatur,
686 707 830 751 vanusne
853 687 906 751 hio
923 688 1019 754 timor
1033 700 1141 756 noster
1159 713 1200 755 an
1217 713 1312 757 verus

285 779 384 845 iserit.
431 779 556 865 sipu'
575 779 727 844 inviolata
751 780 836 845 inter
861 780 1060 848 Macedonas
1086 784 1312 870 Romanosque
1332 807 1362 854 18

285 873 431 949 manebit,
448 873 543 938 nobis
560 893 690 958 quoque
708 871 848 939 amicitia
865 886 898 940 et
911 876 1136 943 commercium
1155 879 1195 943 sit
1199 903 1209 957 ;
1227 901 1312 944 nunc
1344 895 1349 902 ·

285 967 318 1126 qe
339 990 391 1090 eo,
404 965 590 1054 [consilium
613 963 742 1054 apere]
765 968 983 1056 periculosum
1001 981 1032 1036 et
1054 971 1248 1038 inmaturum
1264 975 1312 1038 vi-

297 1073 379 1127 etur.

339 1155 501 1220 XXIIII.
528 1154 610 1220 Post
622 1153 708 1222 hunc
716 1156 838 1232 Archo,
858 1156 958 1222 frater
966 1153 1133 1224 Xenarchi
1145 1161 1310 1246 praetoris,
1331 1181 1343 1226 1

285 1263 321 1317 ta
339 1248 502 1315 disseruit
537 1248 717 1315 ‘difficilem
735 1251 911 1316 orationem
931 1249 1118 1319 Callicrates
1135 1265 1168 1319 et
1185 1254 1263 1319 mihi
1280 1266 1312 1320 et

285 1344 443 1422 mnibus,
466 1342 522 1428 qui
537 1342 581 1409 ab
599 1364 637 1409 eo
655 1342 872 1421 dissentimus,
890 1343 981 1423 fecit3
1000 1347 1125 1432 agendo
1143 1348 1227 1413 enim
1245 1348 1310 1413 Ro-
1329 1369 1343 1415 2

285 1460 391 1505 uanae
411 1437 573 1504 societatis
595 1461 725 1504 caueam
741 1437 825 1524 ipse,
848 1441 1060 1525 temptarique
1078 1453 1110 1505 et
1131 1443 1310 1529 oppugnari

285 1533 415 1600 licendo
427 1553 528 1618 quam
539 1554 633 1597 nemo
646 1553 751 1615 neque
768 1543 905 1619 temptat
922 1556 1026 1618 neque
1040 1548 1215 1622 oppugnat,
1233 1536 1310 1601 effe-

285 1627 334 1705 cit,
359 1639 400 1693 ut
422 1626 480 1711 qui
502 1625 544 1691 ah
566 1649 601 1692 se
623 1626 818 1703 dissentiret,
845 1629 999 1693 adversus
1021 1628 1183 1694 Romanos
1205 1630 1310 1696 dicere

285 1722 450 1788 videretur.
487 1742 525 1785 ac
542 1721 681 1806 primum
699 1720 852 1798 omnium,
871 1733 1035 1805 tamquam
1052 1745 1116 1788 non
1134 1723 1186 1788 hic
1202 1725 1310 1789 nobis-
1328 1745 1343 1790 3

285 1838 352 1882 aum
367 1815 502 1892 linisset,
521 1814 651 1880 sedant
668 1837 709 1880 ex
727 1816 816 1880 curia
833 1817 943 1903 populi
960 1816 1098 1882 Romani
1115 1818 1237 1883 veniret
1254 1830 1310 1883 aut

285 1933 391 1998 regum
401 1910 528 1976 arcanis
541 1910 716 1986 interesset,
729 1909 836 1974 omnia
846 1911 903 1975 scit
913 1921 944 1975 et
959 1912 1085 1976 nuntiat
1093 1931 1177 1995 quae
1186 1913 1309 1977 occulte

285 2005 467 2071 factasunt.
513 2001 636 2068 divinat
652 2003 749 2068 etiam
767 2024 852 2087 quae
870 2004 979 2069 futura
996 2005 1124 2083 fuerint,
1142 2006 1169 2069 si
1186 2001 1310 2092 Philip-
1327 2028 1344 2072 4

285 2121 339 2186 pus
352 2099 499 2174 vixisset,
516 2097 595 2181 quid
612 2097 657 2162 ita
665 2096 805 2163 Perseus
819 2099 911 2183 regni
928 2097 1019 2163 heres
1034 2099 1084 2175 sit,
1102 2099 1180 2183 quid
1198 2111 1310 2185 parent

285 2193 490 2268 Macedones,
512 2190 591 2275 quid
608 2191 748 2277 cogitent
765 2192 912 2257 Romani.
956 2214 1015 2258 nos
1033 2208 1155 2268 autem,
1177 2194 1233 2277 qui
1249 2215 1309 2260 neo
1327 2198 1342 2243 ⁵

285 2288 318 2352 ob
331 2307 435 2372 quam
446 2307 579 2351 causam
595 2307 656 2361 nec
670 2305 767 2369 quem
781 2286 822 2351 ad
840 2283 971 2350 modum
987 2287 1116 2372 perierit
1124 2285 1309 2352 Demetrius

285 2380 396 2447 seimus
419 2401 480 2445 nec
502 2378 580 2463 quid
603 2378 789 2465 Philippus,
817 2380 845 2444 si
866 2380 1012 2457 vixisset,
1038 2380 1181 2445 facturus
1203 2381 1308 2458 fuerit,

285 2476 323 2540 sd
337 2474 419 2539 haec
436 2493 520 2558 quae
542 2473 649 2558 palam
670 2485 827 2559 geruntur
847 2474 981 2538 consilia
1002 2484 1110 2538 nostra
1132 2493 1310 2539 accommo-

285 2569 362 2633 date
378 2579 509 2654 oportet
555 2589 593 2631 ac
615 2566 734 2633 scimus
751 2567 873 2633 Persea
895 2588 995 2652 regno
1014 2578 1145 2653 accepto
1162 2587 1272 2654 regem
1290 2590 1309 2632 a
1328 2589 1342 2635 o

286 2661 405 2748 populo
423 2661 568 2728 Romano
591 2662 799 2747 appellatum
825 2662 974 2726 audimus
999 2661 1122 2747 legatos
1146 2661 1308 2726 Romanos

285 2757 407 2823 venisse
422 2757 465 2821 ad
485 2777 597 2842 regem
615 2767 648 2821 et
670 2778 724 2821 eos
747 2755 886 2842 benigne
903 2766 1062 2841 exceptos.
1106 2754 1310 2820 haecomnia
1329 2777 1342 2821 7

285 2853 369 2938 pacis
388 2851 539 2935 equidem
557 2850 650 2937 signa
667 2873 737 2918 esse
754 2851 870 2928 iudico,
888 2873 954 2915 non
970 2851 1055 2928 belli,
1073 2869 1133 2915 nec
1147 2849 1309 2915 Romanos

285 2945 401 3013 offendi
423 2967 534 3033 posse,
561 2945 588 3011 si
614 2957 651 3011 ut
671 2945 792 3011 bellum
816 2957 963 3033 gerentes
986 2968 1041 3012 eos
1065 2946 1166 3011 secuti
1188 2967 1309 3022 sumus,

285 3061 514 3126 huncquoque
535 3040 624 3126 pacis
642 3053 788 3106 auctores
807 3059 987 3125 sequamur.
1032 3061 1089 3104 car
1104 3040 1235 3123 quidem
1251 3061 1310 3103 nos

285 3135 475 3222 inexpiabile
492 3135 635 3199 omnium
652 3134 711 3199 soli
735 3135 855 3199 bellum
873 3131 1024 3199 adversus
1047 3155 1183 3217 regnum
1198 3133 1310 3196 Mace-

285 3231 402 3298 donum
416 3249 576 3317 geramus‚
592 3249 659 3294 non
672 3229 776 3294 video.
807 3228 978 3315 opportuni
991 3226 1227 3313 propinquitate
1240 3225 1310 3311 ipsa
1328 3248 1343 3295 8

285 3324 496 3392 Macedoniae
517 3325 647 3389 armus?
674 3346 716 3388 an
741 3315 947 3387 infirmissimi
969 3321 1110 3384 omnium
1136 3330 1310 3403 umquam,

285 3439 362 3505 quos
378 3439 486 3505 nuper
498 3418 636 3505 subegit,
649 3413 813 3503 Dolopes?
833 3416 932 3480 immo
947 3426 1056 3480 contra
1073 3435 1112 3480 ea
1124 3414 1177 3479 vel
1190 3413 1310 3479 viribus

285 3513 414 3592 nostris,
446 3513 542 3579 deum
566 3507 779 3599 benignitate,
805 3512 858 3578 vel
882 3509 1021 3597 regionis
1047 3509 1214 3575 intervallo
1239 3508 1310 3572 tuti.

285 3610 340 3676 sed
366 3609 467 3674 sirnus
492 3627 595 3692 aeque
620 3607 755 3673 subiecti
777 3625 815 3672 ao
838 3605 985 3671 Thessali
1001 3604 1187 3689 Aetoliqne3
1212 3603 1343 3671 nihilne

286 3703 357 3790 plus
381 3702 460 3768 fidei
485 3701 744 3786 auctoritatisque
774 3699 930 3766 habemus
958 3700 1110 3766 adversus
1136 3699 1309 3776 Romanos,

287 3799 341 3883 qui
361 3819 490 3884 semper
511 3795 590 3862 socii
611 3807 707 3881 atque
725 3795 819 3860 amici
841 3795 976 3872 fishnas,
998 3817 1095 3879 quam
1111 3792 1234 3870 Aetoli,
1257 3792 1312 3875 qui

287 3894 382 3978 paulo
400 3904 475 3957 ante
490 3891 600 3957 hostes
616 3891 765 3956 fnemntl
785 3890 874 3975 qnod
883 3890 1018 3967 Aetolis,
1037 3889 1124 3974 quod
1138 3887 1311 3961 Thessalis,
1332 3907 1362 3954 10

289 3988 373 4072 quod
385 3985 539 4073 Epirotis,
557 3986 645 4051 omni
660 3984 799 4070 denique
811 3981 973 4074 Graeciae
991 4006 1064 4049 cum
1078 3981 1311 4047 Macedonibus

288 4082 362 4148 iuris
387 4093 451 4158 est,
476 4081 564 4148 idem
581 4093 614 4147 et
634 4080 728 4148 nobis
750 4081 800 4146 sit.
846 4101 903 4144 cur
920 4077 1122 4145 exsecrabilis
1143 4076 1204 4140 ista
1220 4073 1312 4138 nobis

290 4181 362 4246 solis
388 4180 479 4245 velut
502 4177 675 4264 dissaeptio
700 4175 778 4241 iuris
805 4175 938 4240 humani
957 4175 1026 4239 est?
1055 4170 1167 4237 fecerit
1192 4168 1312 4253 aliquid
1333 4189 1361 4235 11

289 4273 473 4362 Philippus,
500 4295 557 4338 cur
573 4273 726 4338 adversus
745 4289 819 4337 eam
837 4281 993 4337 armatum
1010 4279 1042 4334 et
1062 4268 1182 4333 bellum
1197 4285 1312 4351 geren-
