3359 5092
504 545 622 603 amna
639 545 796 616 xxxxv,
814 546 913 602 rasa
933 546 1088 619 [ecre]
1247 537 1313 606 193

285 704 458 776 custodiam
476 703 620 782 duceret3
638 703 779 782 comites,
796 704 977 790 pecmriam,
995 718 1174 791 argentum,
1192 707 1311 776 iustru-

285 813 425 869 mentum
443 800 530 884 quod
546 798 679 866 haberet
695 797 774 864 nihil
793 796 817 884 [.
828 845 856 864 ..
874 799 1001 886 Bithys,
1018 801 1101 867 iilius
1112 799 1240 890 Cotyis]
1257 827 1309 872 rs-
1326 833 1344 882 5

285 895 513 985 gisTbracum,
531 892 635 981 [cum]
650 893 815 960 obsidibus
831 893 867 960 in
885 895 1061 961 cristodiam
1072 892 1241 964 Carseolos
1260 911 1309 966 est

285 992 406 1057 missus.
434 1000 558 1056 ceteros
576 989 730 1075 captivos,
748 989 805 1073 qui
822 988 857 1053 in
874 988 1036 1076 triumpho
1050 988 1137 1057 ducti
1156 1004 1256 1072 erant,
1274 994 1307 1060 in

285 1106 440 1152 carcerem
454 1083 549 1149 condi
560 1083 690 1170 placuit
715 1105 836 1170 paucos
849 1095 923 1169 post
935 1083 1003 1150 dies
1018 1106 1116 1169 quam
1132 1085 1212 1152 baec
1225 1099 1306 1166 acta,
1325 1115 1340 1163 a

285 1174 374 1266 legati
398 1180 441 1245 ab
460 1176 565 1263 Cotye
586 1201 662 1264 rege
684 1177 849 1243 Thracum
877 1189 1047 1257 venerunt,
1073 1180 1242 1266 pecuniam
1264 1181 1307 1246 ad

285 1273 500 1342 redimendum
522 1272 624 1338 filium
642 1271 785 1355 aliosque
803 1271 931 1339 obsides
949 1273 1164 1359 adportantes.
1208 1275 1305 1340 eisin
1325 1304 1338 1350 ι

285 1379 424 1434 senatum
441 1367 639 1444 introductis,
658 1377 690 1432 et
704 1366 738 1431 id
754 1366 861 1453 ipsum
875 1369 1054 1454 argumenti
1071 1369 1306 1455 praetendenti·

285 1461 337 1528 bus
353 1461 503 1539 orationi,
520 1482 586 1527 non
604 1484 662 1526 sua
679 1462 843 1527 voluntate
862 1459 970 1547 Cotyn
989 1462 1071 1528 bello
1088 1462 1207 1529 iuvisse
1224 1463 1306 1530 Per·

285 1578 345 1634 sea,
372 1558 463 1639 quod
479 1555 607 1622 obsides
630 1556 706 1622 dare
724 1568 853 1624 coaetus
876 1567 973 1634 esset,
1000 1558 1243 1643 orantibusque,
1269 1570 1305 1624 ut

285 1671 331 1718 cos
349 1650 468 1737 pretio,
491 1661 648 1734 quantum
663 1649 726 1737 ipsi
743 1651 929 1716 statuissent
945 1662 1065 1737 patres,
1083 1651 1197 1718 redimi
1214 1664 1305 1739 pate-

285 1758 400 1824 rentur,
427 1768 618 1832 responsum
640 1768 681 1812 ex
703 1746 890 1814 auctoritate
912 1760 1041 1814 senatus
1058 1759 1122 1826 est,
1148 1749 1303 1834 populum
1321 1775 1337 1824 g

285 1839 460 1908 Romanum
477 1840 658 1907 meminisse
675 1840 843 1919 amicitiae,
861 1862 945 1925 quae
963 1863 1037 1908 cum
1055 1839 1159 1928 Cotye
1177 1843 1304 1908 maiori·

285 1933 401 2021 busque
420 1935 489 2000 eius
508 1945 540 2001 et
556 1935 825 2021 genteThracum
843 1935 969 2002 fuissetz
988 1936 1116 2003 obsides
1134 1938 1224 2003 datos
1243 1937 1303 2004 cri·
1321 1962 1336 2009 9

285 2049 358 2107 nen,
377 2052 443 2095 non
461 2028 600 2095 oriminis
618 2029 838 2096 defensionem
852 2052 933 2107 esse,
951 2052 1025 2096 cum
1033 2030 1197 2097 Threcum
1213 2033 1304 2119 genti

285 2126 463 2209 requietus
481 2124 612 2210 quidem
628 2123 783 2202 Perseus,
805 2125 925 2190 nedum
942 2126 1025 2192 bello
1043 2125 1190 2191 Romano
1209 2148 1304 2192 occu·

285 2230 367 2304 pctus
386 2216 546 2283 timendus
563 2219 670 2286 fuerit.
697 2231 839 2285 ceterum
857 2219 917 2286 etsi
927 2217 1027 2305 Cotys
1037 2220 1149 2287 Persei
1165 2221 1302 2307 gratiam
1322 2245 1355 2294 10

285 2312 476 2398 praetulisset
493 2313 650 2381 amicitiae
666 2315 777 2401 populi
794 2314 948 2392 Romani,
970 2315 1074 2401 magis
1097 2315 1175 2399 quid
1197 2338 1232 2380 se
1256 2314 1304 2380 di·

285 2429 373 2494 gnum
393 2419 477 2474 esset
501 2430 598 2493 quam
621 2408 700 2493 quid
722 2409 835 2475 merito
854 2410 922 2476 eius
939 2408 1008 2475 fieri
1029 2422 1138 2495 posset
1155 2410 1303 2475 aestima·

285 2513 397 2580 aarum,
423 2502 526 2568 filium
551 2514 648 2588 atque
675 2503 857 2570 obsides
830 2528 859 2570 er
884 2503 1100 2569 remissurum.
1148 2503 1303 2571 beneficia
1321 2525 1352 2574 11

285 2597 415 2684 grutuita
432 2620 503 2665 esse
519 2597 630 2708 populi
643 2598 794 2676 Romani3
812 2598 950 2685 pretium
968 2617 1078 2665 eorum
1096 2599 1190 2664 malle
1206 2598 1303 2665 relin-

285 2711 371 2803 puere
398 2692 432 2758 in
461 2692 685 2778 recipientium
715 2693 830 2759 animis
857 2715 955 2778 quam
985 2715 1135 2778 praesens
1163 2691 1302 2779 exigere.

285 2882 375 2948 tinius
394 2883 512 2961 Nerva,
531 2884 580 2949 M.
600 2880 756 2949 Caninius
772 2884 917 2962 Rebilus,
935 2906 991 2969 qur
980 2834 1167 2951 obsides?
1153 2907 1187 2949 ιιι
1199 2883 1304 2950 Thra·

285 2977 356 3044 dam
371 2977 577 3056 reducerent,
605 2990 638 3045 et
655 2978 835 3046 Thracibus
858 3002 992 3046 munera
1010 2980 1086 3046 data
1102 2980 1136 3045 in
1158 2979 1300 3065 singulos

285 3069 385 3139 bindm
412 3074 535 3139 milium
561 3074 653 3141 aeris.
704 3074 821 3161 Bithys
848 3097 922 3141 cum
953 3074 1066 3141 ceteris
1091 3073 1256 3139 obsidibus
1282 3096 1303 3138 a
1322 3089 1353 3138 12

285 3163 438 3235 llurseolis
456 3169 628 3236 accersitus
650 3170 693 3236 cd
714 3181 840 3257 patrem
858 3192 931 3236 cum
948 3169 1064 3256 legatis
1082 3168 1208 3233 missus.
1243 3189 1302 3232 na-

285 3284 331 3330 res
347 3263 458 3349 regiae
480 3275 594 3350 captae
611 3265 652 3330 de
668 3263 919 3342 Macedonibus,
944 3263 1125 3329 invisitatae
1142 3273 1216 3328 ante
1233 3283 1301 3326 ma·

285 3358 462 3444 mitudinis,
479 3358 514 3424 in
531 3381 644 3445 campo
661 3359 782 3425 Martio
799 3360 978 3425 subductae
995 3369 1079 3423 sunt

337 3452 553 3518 XXXXIII.
579 3456 742 3522 Haerente
755 3454 861 3520 adbuc
870 3477 936 3520 non
947 3454 982 3519 in
995 3453 1109 3519 animis
1122 3451 1229 3529 modo,
1245 3450 1302 3517 sed
1322 3469 1334 3514 1

285 3569 375 3633 paene
389 3547 424 3612 in
437 3548 537 3614 oculis
551 3548 704 3614 memoria
712 3548 916 3616 Macedonici
933 3547 1096 3633 triumphi,
1113 3546 1155 3612 L.
1165 3545 1301 3611 Anicius

285 3639 500 3724 Quirinalibus
515 3643 725 3730 triumphavit
737 3644 778 3710 de
790 3667 869 3730 rege
879 3641 998 3710 Gentio
1007 3642 1187 3727 lllyrisque.
1215 3639 1302 3705 simi-
1320 3656 1335 3704 ι

285 3735 318 3802 ia
335 3737 446 3804 omnia
462 3737 565 3824 magis
583 3738 653 3803 visa
668 3738 852 3804 homiuibus
868 3759 968 3821 quam
984 3736 1088 3823 peria.
1111 3735 1215 3801 minor
1232 3733 1302 3819 ipse

285 3829 458 3917 mperator,
476 3843 508 3897 et
524 3832 690 3899 nobilitate
698 3833 835 3898 Anicius
853 3854 926 3898 cum
939 3830 1090 3907 Aemilio,
1109 3843 1140 3896 et
1157 3829 1226 3894 iure
1243 3828 1303 3894 im-

285 3926 355 4010 perii
372 3939 501 4013 praetor
517 3949 593 3992 cum
609 3929 740 3994 consule
756 3927 918 4003 conlatus3
935 3948 1000 3991 non
1018 3923 1157 3992 Gentius
1168 3921 1301 3995 Perseo,

285 4041 341 4086 uon
355 4021 460 4130 Illyrii
475 4021 727 4100 Macedonibus,
743 4044 809 4088 uon
825 4020 928 4107 spolia
945 4021 1064 4106 spoliis,
1082 4040 1147 4084 uon
1163 4013 1301 4123 pfwm

285 4116 445 4222 pecurdae,
471 4137 538 4181 non
563 4116 648 4182 dona
673 4117 766 4183 donis
788 4115 956 4201 conparari
981 4123 1137 4200 poteraut.
1188 4107 1297 4189 ltaque
1317 4125 1333 4170 e

285 4207 358 4274 deut
375 4210 598 4297 praefulgebat
615 4211 691 4278 huic
707 4211 889 4297 triumphus
911 4232 1038 4285 recens,
1059 4209 1105 4272 ita
1127 4199 1302 4288 apparebat

285 4297 382 4384 ipsum
395 4325 454 4390 per
466 4327 501 4370 se
514 4304 712 4372 intuentibus
726 4327 931 4391 nequaquam
944 4326 1013 4370 esse
1023 4293 1300 4452 contenlr3nendum.

330 4403 376 4447 rar
388 4407 427 4450 ..ι
435 4405 473 4451 ιι.
