3359 5092
498 549 616 606 urana
631 547 787 621 xxxxu,
806 549 905 606 saca
925 548 1077 620 [nonu]
1261 541 1303 607 67

285 711 362 799 pacis
371 732 460 795 rege.
487 708 567 774 adeo
580 707 667 773 enim
679 706 886 793 apparatibus
900 706 976 773 belli
990 706 1089 775 fuisse
1101 708 1301 792 instructum,
1321 736 1336 784 2

285 806 352 893 ipsis
368 805 459 870 nulla
475 813 588 890 paratu
603 826 649 880 re,
666 813 704 868 ut
720 801 828 868 omnia
846 813 1025 888 opportuna
1041 804 1113 869 loca
1129 827 1302 891 praeoccu-

285 901 344 987 pari
365 910 440 965 ante
463 898 567 964 abeo
592 896 752 983 potuerint
773 918 871 981 quam
892 897 1049 963 exercitus
1073 898 1108 964 in
1131 896 1303 967 Graeciam

285 995 471 1060 traiceretur.
498 991 601 1079 spatio
618 1002 726 1057 autem
743 990 940 1056 indutiarum
958 1004 1085 1078 sumpto
1103 992 1174 1081 [ad]
1189 1018 1302 1063 aecum
1320 1019 1335 1067 3

286 1087 373 1178 [rem]
384 1099 566 1155 venturam:
583 1086 675 1152 illum
691 1086 790 1152 nihilo
803 1087 1006 1173 paratiorem,
1023 1086 1186 1154 Romanos
1201 1093 1302 1157 omni·

289 1184 339 1250 hus
362 1182 578 1249 instructiores
603 1182 702 1247 rebus
729 1194 897 1267 coepturos
923 1181 1053 1247 bellum.
1105 1184 1302 1251 Boeotorum

288 1300 403 1365 quoque
420 1301 456 1343 se
469 1275 638 1343 concilium
652 1286 724 1346 arte.
733 1275 928 1353 distraxisse,
944 1299 985 1343 ne
1001 1277 1152 1366 coniungi
1164 1279 1302 1367 amplius

288 1372 343 1440 ullo
367 1394 525 1438 consensu
550 1370 785 1437 Macedonibus
810 1382 951 1457 possent
1003 1373 1083 1439 haec
1113 1385 1151 1439 ut
1176 1397 1335 1447 summae

288 1468 396 1534 ratione
413 1478 488 1533 acta
502 1488 621 1552 magna
641 1488 716 1552 pars
738 1477 867 1531 senatus
889 1466 1101 1551 adprobabat3
1127 1480 1251 1536 veteres
1269 1481 1302 1536 et

288 1562 372 1627 moris
389 1560 513 1646 antiqui
534 1583 690 1627 memores
707 1560 871 1647 negabant
892 1583 927 1625 se
948 1560 982 1625 in
999 1584 1038 1627 ea
1059 1563 1218 1649 legatione
1235 1563 1301 1630 Ro·

288 1677 386 1721 manas
411 1676 587 1741 agnoscere
613 1665 713 1721 artesr
748 1676 813 1721 non
838 1677 897 1741 per
925 1655 1056 1721 insidias
1083 1669 1116 1723 et
1144 1669 1301 1723 nocturna
1318 1681 1334 1730 5

288 1750 397 1836 proelia
412 1771 474 1815 nec
491 1749 673 1814 simulatam
689 1748 801 1835 fugam
817 1748 1061 1834 inprovisosque
1078 1751 1122 1817 ad
1137 1751 1302 1817 incautum

286 1843 400 1911 hostem
415 1844 536 1911 reditus
553 1866 615 1910 nec
631 1855 668 1909 ut
685 1854 757 1910 astu
775 1845 879 1931 magis
893 1866 991 1929 quam
1004 1868 1080 1912 vera
1097 1846 1214 1913 virtute
1231 1847 1301 1933 glo·

286 1938 445 2016 domatur,
471 1939 556 2004 bella
580 1938 717 2004 maiores
738 1938 892 2025 gessisse;
923 1940 1063 2006 indicere
1088 1940 1177 2027 prius
1204 1963 1301 2026 quam

286 2053 385 2118 gerere
394 2034 503 2099 solitos
517 2034 611 2111 bella,
625 2033 812 2102 denuntiare
822 2031 971 2120 [proelia]
982 2034 1152 2113 interdum,
1163 2034 1300 2124 [locum]

286 2126 379 2206 inire,
405 2128 439 2197 in
463 2149 527 2212 quo
550 2127 730 2192 dimicaturi
751 2139 867 2194 essent
911 2128 1025 2195 eadem
1041 2129 1106 2196 fide
1122 2129 1332 2200 indicatums

285 2219 401 2307 Pyrrho
417 2222 488 2308 regi
505 2222 665 2288 medicum
677 2223 762 2288 vitae
776 2224 845 2289 eius
861 2222 1074 2302 insidiantem,
1087 2224 1200 2290 eadem
1213 2224 1301 2291 Fali-

286 2316 339 2382 scis
358 2318 503 2382 vinctum
523 2316 675 2384 traditrrm
695 2318 891 2403 proditorem
911 2318 1095 2384 liberorum.
1138 2320 1300 2406 religionis
1320 2341 1333 2385 7

285 2405 354 2477 haec
371 2411 538 2478 Romanae
555 2434 641 2490 esse,
666 2433 732 2477 non
753 2411 967 2478 versutiarum
983 2412 1181 2479 Punicarum
1197 2435 1301 2499 noque

285 2504 454 2572 calliditatis
473 2504 633 2582 Graecae,
658 2517 738 2591 aput
756 2504 865 2592 [quos]
885 2506 996 2573 fallere
1013 2507 1138 2573 hostem
1155 2530 1252 2593 quam
1269 2509 1302 2573 vi

285 2619 425 2686 superare
443 2599 612 2687 gloriosius
628 2600 735 2667 fuerit
777 2602 939 2666 interdum
956 2601 990 2667 in
1006 2624 1158 2688 praesens
1175 2614 1300 2689 tempus
1318 2621 1333 2670 s

287 2693 348 2777 plus
362 2696 477 2781 profici
493 2695 567 2761 dolo
585 2716 683 2780 quam
698 2695 831 2772 virtute3
849 2696 908 2761 sed
925 2696 993 2761 eius
1011 2698 1141 2763 demum
1158 2697 1300 2763 animum

286 2784 516 2876 inperpetuum
532 2788 633 2866 vinci,
656 2788 709 2855 cui
726 2789 883 2855 confessio
901 2811 1052 2876 expressa
1069 2792 1125 2869 sit,
1143 2814 1178 2858 se
1195 2812 1300 2876 neque

288 2895 343 2949 cte
358 2905 464 2967 neque
482 2906 569 2960 casu,
587 2883 644 2949 sed
662 2883 794 2949 conlatis
811 2884 990 2950 comminus
1007 2885 1143 2964 viribus,
1161 2886 1245 2952 iusto
1264 2909 1301 2951 ac

288 2976 332 3060 pio
346 3002 416 3045 esse
434 2979 520 3045 bello
538 2991 733 3066 superatum
763 2980 844 3047 haec
862 2979 1011 3058 semones,
1029 2979 1146 3065 quibus
1163 3003 1248 3046 nova
1264 3003 1302 3046 ac
1320 3003 1334 3049 a

288 3070 367 3138 simis
385 3072 431 3160 [..
449 3070 572 3160 minus]
589 3074 738 3159 placebat
754 3073 925 3159 sapientia3
948 3074 1025 3140 vicit
1047 3085 1155 3141 tamen
1171 3098 1211 3140 ea
1228 3097 1301 3160 pars

289 3183 413 3244 matris,
432 3168 485 3233 cui
501 3168 606 3253 potior
622 3168 708 3233 utilis
726 3190 823 3253 quam
839 3170 966 3234 honesti
983 3191 1060 3236 cura
1076 3178 1155 3245 orat,
1173 3179 1210 3233 ut
1227 3189 1302 3233 con·

289 3261 463 3343 probaretur
480 3263 567 3348 prior
583 3263 700 3350 legatio
717 3263 823 3329 Marci
840 3274 874 3329 et
891 3264 1003 3328 eodem
1020 3285 1130 3328 rursus
1146 3262 1181 3327 in
1198 3260 1302 3329 Grae·

289 3352 357 3420 tiam
372 3378 449 3426 cum
466 3356 749 3441 quinqueremibus
771 3357 986 3423 remitteretur
1005 3356 1232 3441 iubereturque
1250 3379 1303 3423 ce·

288 3450 474 3516 hnutiere
485 3449 615 3535 publica
627 3451 766 3518 maxims
779 3452 886 3517 visum
895 3462 979 3516 esset
987 3474 1093 3537 agere.
1119 3451 1301 3536 Aquoque
1321 3472 1353 3520 10

289 3539 411 3608 Atilium
432 3543 590 3610 miserunt
610 3544 653 3610 ad
673 3546 895 3631 occupandam
912 3545 1061 3611 Larisam
1082 3547 1117 3611 in
1133 3545 1302 3613 Thessalia

288 3634 436 3716 timentes,
461 3661 518 3715 ne,
549 3638 577 3704 si
601 3640 796 3706 indutiarum
822 3640 890 3706 dies
917 3640 1049 3718 exisset,
1079 3641 1238 3726 praesidio
1264 3663 1302 3707 eo

287 3729 371 3798 mirso
393 3743 492 3819 caput
511 3732 697 3801 Thessaliae
714 3735 748 3800 in
765 3744 923 3820 potestate
946 3735 1079 3801 haberet
1097 3732 1194 3821 [rex].
1238 3735 1302 3800 duo
1321 3756 1348 3805 11

286 3824 362 3892 uilia
385 3828 532 3914 peditum
549 3828 669 3895 Atilius
690 3829 733 3894 ab
751 3827 813 3895 Cn.
832 3827 953 3897 Sicinio
976 3851 1138 3897 accersere
1161 3830 1204 3895 ad
1229 3853 1302 3896 eam
1353 3849 1356 3855 ’

285 3939 343 3986 rem
358 3921 520 4007 agendam
535 3920 660 3988 iussus·
696 3934 728 3989 et
744 3923 784 3988 P.
802 3923 960 4000 Lentulo,
978 3924 1034 4008 qui
1050 3947 1092 3990 ex
1109 3923 1235 3989 Achaia
1251 3945 1302 3989 re·
1321 3943 1352 3991 12

285 4011 386 4094 dierat,
404 4015 540 4082 trecenti
550 4015 667 4083 milites
675 4017 782 4084 Italici
798 4017 926 4105 generis
939 4017 1014 4096 dati,
1031 4029 1068 4084 ut
1076 4017 1198 4085 Thebis
1211 4018 1301 4082 daret

285 4127 417 4195 operam,
435 4111 524 4176 utin
539 4121 696 4197 potestate
711 4113 849 4180 Boeotia
867 4123 960 4179 esset.

336 4203 583 4272 XXXXVIII.
609 4207 672 4273 His
689 4208 896 4295 praeparatis,
914 4229 1109 4293 quamquam
1123 4204 1165 4270 ad
1181 4203 1301 4270 bellum
1321 4226 1334 4274 1

285 4299 408 4366 unsilia
428 4311 521 4366 erant
536 4300 708 4380 destinata,
731 4314 877 4370 senatum
898 4313 1007 4368 tamen
1023 4298 1169 4387 praeberi
1186 4299 1300 4386 legatis

1096 4400 1132 4455 50

1251 4455 1422 4545 A.
