3359 5092
435 549 556 606 LIBER
570 548 762 619 xxxxml,
781 548 892 603 19-21.
913 552 951 618 [a.
960 547 991 605 o.
1001 548 1060 603 169.
1071 547 1134 618 168]
1240 536 1306 605 125

285 708 568 775 llexandrinorum
586 707 746 792 extemplo
765 702 805 771 C.
822 704 998 791 Popillium
1016 706 1195 772 Laenatem
1213 717 1246 772 et
1264 705 1304 774 C.

285 804 460 870 )ecimium
480 814 511 868 et
520 800 560 868 O.
569 801 746 866 Hostilium
762 799 887 885 legatos
905 800 947 864 ad
963 799 1139 864 finiendum
1155 801 1239 867 inter
1255 824 1306 866 rc-

285 922 326 980 :es
342 898 468 963 bellum
481 896 646 962 miserunt.
673 895 762 981 prius
771 892 980 971 Antiochum,
999 895 1073 960 dein
1081 892 1304 962 Ptolemaeum
1323 916 1357 965 14

286 993 359 1057 dire
386 991 468 1056 iussi
492 1000 525 1055 et
549 989 714 1066 nuntiare,
740 988 774 1052 ni
796 988 969 1052 absistatur
990 987 1092 1066 bello,
1118 1010 1177 1074 per
1197 1000 1305 1054 utrum

285 1087 428 1164 tetisset‚
455 1107 529 1150 eum
555 1105 620 1149 non
646 1105 705 1170 pro
730 1083 833 1147 amico
855 1104 915 1147 nec
940 1104 999 1168 pro
1026 1083 1113 1147 socio
1139 1084 1304 1150 habituros

285 1205 350 1247 sse.

328 1272 421 1339 XX.
448 1272 510 1337 ffis
527 1272 611 1337 intra
628 1271 769 1336 triduum
783 1270 878 1335 simul
892 1292 966 1335 cum
983 1271 1097 1356 legatis
1110 1271 1304 1337 Alexandri·
1323 1295 1336 1341 1

285 1370 316 1434 is
339 1368 498 1455 profectis
520 1367 618 1452 legati
636 1389 676 1431 ex
693 1366 886 1432 Macedonia
904 1363 1160 1448 Quinquatribus
1182 1366 1303 1432 ultimis

285 1465 349 1530 dec
370 1461 549 1548 exspectati
570 1470 735 1537 venerunt,
753 1471 804 1536 ut,
821 1460 884 1524 nisi
901 1481 1016 1545 vesper
1033 1472 1126 1536 essct,
1145 1461 1304 1547 extemplo

285 1568 421 1624 ananim
443 1555 588 1619 vocaturi
609 1553 755 1619 eonsules
778 1552 907 1620 fuerint.
951 1566 1079 1640 postero
1101 1554 1153 1620 die
1175 1565 1339 1619 senatust

285 1652 327 1716 nit
339 1650 508 1735 legatique
518 1648 618 1713 auditi
627 1659 710 1712 sunt.
737 1646 917 1712 iinuntiant
926 1649 1046 1714 maiore
1055 1648 1197 1735 periculo
1206 1670 1305 1733 quam

285 1746 488 1810 molumento
506 1743 682 1808 exercitum
703 1765 761 1829 per
782 1742 887 1806 invios
904 1743 1005 1808 saltus
1026 1743 1060 1808 in
1077 1742 1305 1809 Macedoniam

285 1844 454 1907 nductum:
471 1839 621 1917 Pieriam,
631 1860 695 1922 quo
709 1839 925 1925 processisset,
939 1862 1049 1925 regem
1064 1850 1186 1917 tenere3
1201 1850 1305 1904 castra
1322 1857 1338 1905 a

285 1936 384 2001 astris
402 1954 503 2019 prope
519 1934 565 1999 ita
582 1934 708 1998 conlata
726 1956 806 2009 esse,
825 1944 862 1997 ut
878 1934 1009 1999 flumine
1018 1933 1122 2019 Elpeo
1140 1933 1304 2000 interiecto

285 2041 452 2095 uocantur.
479 2049 584 2112 neque
599 2051 709 2113 regem
725 2027 893 2114 pugnandi
907 2038 1098 2113 potestatem
1112 2028 1228 2106 facere,
1246 2050 1305 2093 nec

285 2125 387 2190 nostris
411 2123 478 2187 vim
500 2123 542 2187 ad
564 2122 744 2208 cogendum
766 2145 846 2188 esse.
890 2122 1028 2188 hiemem
1051 2123 1147 2188 etiam
1175 2124 1339 2209 insuper4

286 2221 368 2284 rebus
386 2218 536 2304 gerendis
553 2217 770 2283 intervenisse.
797 2217 831 2282 in
849 2218 914 2283 otio
933 2218 1065 2283 militem
1083 2219 1135 2296 ali,
1154 2241 1215 2284 nec
1231 2220 1304 2304 plus

290 2333 371 2396 qnam
397 2336 457 2379 sex
480 2310 578 2398 [....]
605 2312 801 2378 frumentum
824 2312 953 2379 habere.
998 2314 1216 2380 Macedonum
1242 2314 1306 2378 dici

292 2408 404 2494 triginta
431 2406 520 2471 miha
550 2419 745 2471 armatorum
773 2430 853 2473 esse.
907 2409 935 2472 si
960 2408 1026 2495 Ap.
1056 2405 1194 2474 Claudio
1221 2408 1339 2473 circac

293 2497 482 2586 Lychnidum
501 2502 577 2566 satis
590 2502 716 2567 validus
729 2502 886 2569 exercitus
905 2503 997 2580 foret,
1015 2502 1157 2588 potuisse
1175 2501 1305 2588 ancipiti

294 2591 360 2660 bello
377 2596 520 2660 distineri
537 2617 647 2681 regem
652 2620 661 2672 3
679 2618 765 2661 nunc
783 2607 816 2661 et
823 2595 970 2682 Appium
987 2607 1019 2661 et
1038 2594 1156 2683 [quod]
1175 2618 1249 2660 cnm
1267 2615 1304 2660 eo

294 2690 424 2772 praesidii
446 2690 504 2767 sit,
529 2689 564 2754 in
585 2711 711 2754 summo
733 2690 875 2776 periculo
898 2712 983 2767 esse,
1009 2690 1071 2754 nisi
1092 2711 1227 2775 propere
1250 2700 1306 2753 aut

294 2781 378 2850 iustus
395 2784 556 2851 exercitus
574 2806 613 2851 eo
629 2785 773 2850 mittatur
791 2795 848 2849 aut
864 2785 912 2849 illi
929 2785 1005 2851 indc
1023 2784 1231 2851 deducantur.
1264 2784 1305 2849 ad
1324 2801 1339 2849 o

294 2877 410 2945 classem
423 2903 459 2945 se
473 2902 514 2945 ex
526 2879 637 2945 castris
655 2880 815 2965 profectos
830 2879 990 2945 sociorum
1003 2880 1165 2945 navalium
1182 2890 1306 2966 partem

293 2976 389 3039 norbo
403 2975 531 3040 audisse
546 2975 757 3061 absumptam,
775 2985 911 3061 partem,
923 2975 1063 3041 maxime
1076 2976 1132 3060 qui
1146 2997 1186 3041 ex
1196 2973 1307 3041 Sicilia

294 3065 410 3146 luerint,
437 3068 549 3133 domos
573 3091 647 3134 suas
665 3069 785 3147 abisse,
812 3080 845 3134 et
861 3070 1007 3135 homines
1024 3069 1161 3133 navibus
1179 3067 1304 3144 deesse3

294 3162 338 3244 qui
356 3163 430 3240 sint,
457 3185 563 3247 neque
585 3163 778 3249 stipendium
801 3163 961 3249 accepisse
983 3184 1088 3247 neque
1115 3163 1338 3227 vestimenta?

294 3251 406 3322 habere.
450 3257 619 3322 Eumenen
636 3258 834 3341 classemque
852 3258 936 3335 eius,
955 3268 1119 3341 tamquam
1136 3265 1232 3320 vento
1249 3256 1306 3320 ad·

294 3345 361 3414 latas
375 3373 489 3428 naves,
508 3351 577 3416 sine
594 3373 693 3416 causa
709 3363 741 3418 et
758 3351 884 3417 venisse
902 3362 934 3416 et
951 3350 1067 3427 abisse,
1084 3371 1144 3415 nec
1162 3349 1304 3414 animum

297 3442 351 3508 eius
365 3446 448 3531 regis
467 3458 612 3511 constare
630 3446 706 3511 satis
723 3446 838 3511 visum.
875 3446 958 3512 siout
975 3444 1082 3510 omnia
1099 3443 1139 3510 de
1157 3443 1305 3509 Eumene

297 3534 388 3616 dubia,
406 3538 483 3626 [ita]
501 3540 605 3605 Attali
623 3541 753 3627 egregie
776 3551 974 3606 constantem
990 3540 1088 3605 fidem
1105 3537 1305 3603 nuntiabant.

346 3633 445 3699 XXI.
471 3634 606 3720 Legatis
629 3634 763 3712 auditis,
785 3645 863 3700 tunc
880 3633 921 3699 de
938 3634 1023 3699 bello
1040 3632 1159 3698 referre
1177 3655 1247 3698 sese
1264 3632 1306 3696 L.
1327 3650 1340 3697 1

298 3725 440 3795 Aemilius
458 3728 548 3795 dixit.
582 3741 712 3796 senatus
729 3730 881 3808 decrevit,
898 3729 986 3794 utin
1004 3740 1076 3794 octo
1092 3728 1234 3815 legiones
1251 3750 1309 3814 par
1327 3742 1341 3790 2

297 3837 351 3885 rem
365 3845 534 3889 nnmerum
551 3823 752 3889 tribunorum
770 3824 916 3890 consules
939 3834 971 3888 et
993 3823 1132 3909 populus
1150 3833 1307 3887 crearent:

297 3917 381 3981 nari
397 3929 507 3983 autem
524 3919 684 3984 neminem
701 3941 740 3984 eo
758 3940 841 3984 anno
858 3919 985 4005 placere
1003 3918 1064 3982 nisi
1081 3917 1138 4002 qui
1154 3916 1308 3981 honorem

295 4012 441 4093 recreet.
467 4024 537 4078 tum
554 4036 595 4078 ex
612 4015 760 4081 omnibus
776 4015 913 4080 tribunis
929 4014 1066 4079 militum
1083 4014 1131 4079 uti
1144 4013 1186 4077 L.
1196 4011 1308 4077 Aemi·
1325 4022 1340 4070 a

293 4101 345 4170 lius
360 4107 394 4172 in
416 4108 497 4173 duas
513 4108 656 4194 legiones
672 4110 707 4174 in
724 4109 966 4186 Macedoniam,
988 4130 1070 4193 quos
1094 4128 1204 4173 eorum
1221 4105 1306 4184 velit,

293 4198 389 4286 eligat,
407 4214 440 4267 et
451 4215 489 4267 nt
504 4203 647 4269 sollemni
659 4203 850 4270 Latinarum
863 4204 1005 4290 perfecto
1014 4203 1056 4267 L.
1066 4199 1224 4265 Aemilius
1233 4221 1309 4264 con-

289 4296 347 4372 sul,
369 4295 431 4363 Cn.
449 4296 608 4364 Octavius
624 4311 766 4386 praetor,
783 4300 836 4366 cui
854 4297 963 4364 classis
981 4297 1161 4383 obtigisset,
1184 4293 1217 4359 in
1235 4316 1309 4384 pro·
