3359 5092
408 538 451 606 14
622 549 740 606 LIBER
755 548 900 619 XXXXI,
920 550 1019 606 15.16.
1038 552 1076 618 [ιι.
1085 565 1112 605 u
1121 564 1146 606 c.
1155 549 1218 619 Md]

407 710 448 775 L.
462 710 612 797 Papirius
630 708 726 773 Maso
743 706 910 784 urbanam,
927 705 976 770 Μ.
986 706 1132 771 Aburius
1149 705 1233 772 inter
1248 705 1424 793 peregrinos

407 805 509 870 sortiti
531 813 615 869 sunt.
662 801 712 867 Μ.
731 798 901 867 Comelius
925 799 1034 887 Scipio
1057 800 1296 887 Maluginensis
1318 799 1426 886 Hispa·

407 898 494 964 niam
520 896 718 972 ulteriorem,
743 895 785 960 L.
808 894 972 978 Aquillius
1001 892 1116 960 Gallus
1144 892 1289 961 Siciliam
1316 893 1426 960 habuit.
1467 927 1470 936 v

374 1013 389 1060 s
408 992 472 1056 duo
492 990 654 1076 deprecati
672 999 760 1066 sunt,
783 1011 824 1054 ne
846 988 880 1053 in
897 987 1077 1074 provincias
1094 988 1192 1068 irent,
1209 988 1259 1054 Μ.
1278 987 1427 1075 Popillius

407 1086 441 1150 in
460 1084 657 1152 Sardiniam:
681 1082 867 1150 Gracchum
890 1104 962 1147 eam
979 1082 1176 1167 provinciam
1192 1105 1328 1169 pacare,
1350 1081 1381 1148 ei
1395 1079 1427 1145 Τ.

407 1178 585 1246 Aebutium
610 1188 789 1263 praetorem
814 1176 991 1242 adiutorem
1018 1177 1060 1241 ab
1087 1187 1200 1243 senatu
1223 1177 1337 1242 datum
1358 1198 1428 1243 esse.
1466 1209 1470 1216 >

374 1272 593 1358 rinterrumpi
619 1283 762 1337 tenorem
787 1292 911 1349 rerum,
938 1270 1115 1356 inquibus
1141 1270 1336 1358 peragendis
1363 1292 1429 1337 con·
1467 1302 1470 1310 ³

374 1388 390 1436 8
408 1368 542 1433 tinuatio
559 1367 630 1452 ipsa
647 1365 870 1432 efficacissima
886 1375 980 1443 esset,
997 1365 1128 1432 minime
1146 1366 1330 1432 convenire.
1356 1365 1429 1431 inter

408 1461 609 1526 traditionem
632 1460 747 1545 imperi
772 1458 1010 1543 novitatemque
1038 1459 1245 1537 successoris,
1273 1480 1359 1543 quae
1380 1479 1430 1524 no·

355 1557 365 1568 '
408 1554 533 1619 scendis
558 1554 648 1640 prius
673 1574 771 1662 quam
793 1552 926 1639 agendis
948 1553 1044 1619 rebus
1070 1553 1233 1619 inbuenda
1257 1554 1315 1631 sit,
1342 1573 1430 1639 saepe

409 1647 490 1712 bene
506 1646 665 1732 gerendae
682 1646 729 1711 rei
746 1647 929 1714 occasiones
945 1646 1144 1713 intercidere.
1170 1647 1308 1733 probata
1319 1644 1430 1734 Popilli

374 1740 571 1808 sexcusatio
589 1751 646 1806 est.
690 1739 730 1805 Ρ.
749 1739 893 1806 Licinius
913 1738 1050 1807 Crassus
1068 1740 1218 1806 sacrificis
1237 1764 1271 1807 se
1289 1738 1431 1828 impediri
1464 1743 1469 1838 ι’

408 1834 613 1900 sollemnibus
638 1833 828 1913 excusabat,
854 1857 896 1900 ne
919 1834 953 1899 in
975 1834 1172 1945 provinciam
1194 1833 1263 1900 iret.
1312 1834 1431 1901 citerior

359 1949 390 2000 ιο
408 1928 566 2014 Hispania
589 1928 772 1995 obvenerat.
817 1939 959 1995 ceterum
982 1939 1038 1994 aut
1054 1928 1101 1995 ire
1123 1928 1229 1993 iussus
1253 1940 1312 1994 aut
1333 1927 1433 1994 iurare

407 2043 467 2107 pro
485 2022 648 2100 contione,
671 2021 817 2088 sollemni
834 2021 988 2088 sacrificio
1007 2045 1041 2088 se
1063 2021 1234 2131 prohiberi.
1277 2021 1314 2086 id
1331 2021 1412 2088 ubi
1402 2044 1432 2086 m

407 2114 448 2179 P.
466 2113 592 2180 Licinio
618 2115 663 2181 ita
685 2127 841 2181 statutum
862 2126 925 2193 est,
952 2116 1047 2182 etab
1066 2138 1100 2181 se
1122 2115 1170 2181 uti
1192 2116 1242 2181 ius
1264 2115 1431 2181 iurandum

408 2208 589 2294 acciperent
614 2208 663 2273 M.
691 2207 860 2274 Cornelius
890 2209 1078 2295 postulavit,
1109 2232 1151 2275 ne
1181 2209 1216 2275 in
1244 2208 1431 2295 Hispaniam

358 2325 388 2372 11
408 2302 590 2369 ulteriorem
612 2304 682 2368 iret.
730 2314 893 2389 praetores
915 2303 1047 2368 ambo
1036 2326 1072 2367 ιι
1094 2302 1207 2368 eadem
1229 2303 1332 2369 verba
1353 2304 1431 2368 iura·
1468 2331 1469 2366 ι

407 2407 491 2461 runt
535 2396 583 2462 M,
607 2396 745 2461 Titinius
772 2396 870 2462 ιιΤ.
897 2395 1051 2462 Fonteius
1076 2396 1281 2505 proconsules
1308 2417 1430 2462 manere
1467 2393 1469 2468 i

409 2511 481 2555 cum
506 2491 648 2557 eodem
639 2491 753 2577 imperi
773 2491 844 2557 iure
865 2489 899 2554 in
900 2489 1103 2599 Hispania
1093 2490 1187 2567 russi,
1205 2502 1237 2555 et
1255 2501 1293 2556 ut
1310 2491 1344 2556 in
1359 2510 1469 2598 sup·

408 2585 548 2671 plement
547 2609 603 2651 um
624 2585 673 2650 his
696 2584 758 2650 tria
775 2583 908 2649 milia
881 2583 998 2648 civium
1016 2583 1235 2650 Romanorum
1254 2606 1332 2650 cum
1348 2583 1430 2669 equi·

407 2678 493 2744 tibus
517 2680 675 2753 ducentis,
699 2678 840 2764 quinque
861 2674 950 2742 milia
973 2677 1095 2744 socium
1111 2678 1222 2745 Latini
1244 2680 1381 2745 nominis
1402 2690 1428 2744 et

408 2774 540 2838 trecenti
556 2773 678 2856 equites
695 2773 906 2838 mitterentur.

376 2889 388 2935 1
471 2862 569 2932 XVI.
596 2865 732 2931 Latinae
755 2865 855 2931 feriae
877 2866 967 2933 fuere
989 2867 1166 2933 antediem
1188 2868 1319 2935 tertium
1335 2887 1427 2932 nonas

408 2958 525 3037 Maias,
542 2960 577 3025 in
595 2960 710 3043 quibus
729 2960 805 3045 quia
821 2960 855 3024 in
873 2983 938 3025 una
954 2959 1058 3025 hostia
1074 2962 1281 3048 magistratus
1290 2960 1425 3028 Lanuvi-

407 3076 468 3118 nus
491 3065 639 3140 precatus
661 3076 727 3120 non
749 3067 817 3120 erat
839 3055 958 3142 populo
979 3054 1126 3121 Romano
1145 3055 1337 3139 Quiritium,
1363 3054 1424 3123 reli-

375 3171 390 3219 ι
407 3149 494 3236 gioni
511 3149 582 3215 fuit.
622 3149 656 3216 id
673 3172 747 3215 cum
764 3150 807 3215 ad
824 3161 970 3216 senatum
986 3151 1122 3216 relatum
1140 3162 1224 3216 esset
1240 3164 1422 3235 senatusque

408 3243 450 3308 ad
466 3244 652 3329 pontificum
666 3246 836 3332 collegium
853 3244 1015 3310 reiecisset
1002 3255 1120 3330 t,tpon
1108 3245 1255 3324 t,ificibus
1275 3248 1353 3331 quia
1369 3264 1422 3311 non

407 3349 494 3403 recte
462 3338 619 3404 tfactae
637 3338 775 3405 Latinae
793 3350 912 3416 essent,
935 3339 1147 3403 instaurandis
1166 3339 1293 3405 Latinis
1315 3337 1422 3427 placuit

408 3429 611 3509 Lanuvinos‚
639 3453 774 3515 quorum
796 3454 894 3519 opera
919 3433 1145 3500 instaurandae
1168 3446 1288 3512 essent,
1315 3433 1419 3500 hostias

374 3545 389 3594 a
408 3524 570 3609 praebere
615 3537 791 3591 accesserat
778 3527 851 3592 tad
866 3527 1069 3612 religionem,
1093 3512 1211 3615 [quod]
1231 3525 1293 3594 Cn.
1313 3526 1420 3595 Corne·

408 3618 469 3683 lius
498 3618 608 3683 consul
635 3642 675 3684 ex
699 3631 808 3685 monte
777 3621 955 3686 tAlbano
981 3621 1107 3688 rediens
1130 3623 1268 3688 concidit
1290 3635 1323 3689 et
1343 3632 1418 3709 parte

409 3712 623 3778 membrorum
640 3725 762 3801 captus,
780 3714 822 3778 ad
838 3715 953 3798 Aquas
967 3713 1130 3783 Cumanas
1147 3717 1338 3803 profectus
1329 3736 1420 3803 mgn-

374 3830 391 3877 4
408 3818 557 3872 vescente
578 3808 690 3873 morbo
709 3805 821 3874 Cumis
844 3808 989 3874 decessit.
1034 3810 1091 3876 sed
1113 3811 1188 3877 inde
1205 3824 1352 3878 mortuus
1369 3809 1421 3876 Ro·

408 3924 494 3967 mam
511 3902 636 3967 adlatus
654 3914 685 3968 et
707 3903 820 3970 funere
841 3903 1012 3990 magnifico
1030 3904 1131 3970 elatus
1151 3906 1359 3992 sepultusque
1376 3913 1422 3971 est

373 3996 795 4082 spontifexidemfuerat.
839 3996 1175 4080 consulQ.Petillius
1199 4001 1427 4087 cumprimum

408 4115 465 4201 per
482 4092 624 4179 auspicia
640 4104 762 4178 posset,
786 4094 928 4180 collegae
947 4093 1151 4180 subrogando
1169 4095 1299 4160 comitia
1317 4096 1469 4162 habere
1462 4097 1469 4134 l

407 4186 561 4251 iussuset
548 4186 711 4252 tLatinas
730 4187 864 4265 edicere,
883 4188 1010 4252 comitia
1027 4188 1061 4252 in
1079 4185 1184 4275 [ante]
1203 4189 1288 4256 diem
1307 4171 1469 4256 tertium

407 4302 506 4345 nonas
522 4279 669 4359 Sextiles,
688 4280 881 4368 [Latinas]
872 4306 905 4347 m
924 4295 996 4349 ante
1016 4283 1100 4349 diem
1118 4284 1247 4350 tertium
1265 4284 1340 4352 idus
1355 4284 1433 4353 sex·
