3359 5092
465 558 685 617 PERIOCHAE
702 560 909 618 LIBRORUM·
923 558 1178 616 CXlH—CXVII.
1270 547 1335 612 219

304 707 382 756 tatae
393 703 487 755 essent
496 705 525 755 ct
533 716 567 754 ex
575 716 610 753 ea
620 698 794 769 causaplebs
802 698 1027 766 tumultuaretur,
1041 698 1162 752 inductis
1172 717 1189 753 a
1198 698 1236 752 M.
1245 686 1337 756 anto.

304 771 351 825 nio
369 786 417 823 ma
438 770 505 823 ‘stro
523 768 647 838 equitum
659 768 689 821 in
702 768 802 823 urbem
813 767 948 822 militibus
962 767 1117 839 octingenti
1130 785 1146 823 e
1160 768 1245 837 plebe
1259 769 1335 823 oaesi

303 845 380 893 sunt.
441 854 522 893 aesar
541 836 683 893 veteranis
704 854 768 891 curn
790 836 928 898 seditione
951 836 1109 891 missionem
1127 837 1335 906 postulantibus

304 907 385 962 dedit
420 912 450 961 et
465 922 530 960 cum
543 906 573 960 in
584 905 712 959 Africam
724 905 895 974 traiecisset,
911 904 1044 960 adversus
1057 904 1152 974 copias
1162 906 1250 961 Iubae
1260 905 1335 978 regis
1416 943 1420 951 =

302 995 369 1030 cum
379 948 538 1030 discrimine
546 991 649 1046 magno
658 975 803 1045 pugnavit.

480 1055 519 1095 nx
532 1054 588 1094 nna.
602 1054 683 1094 cxnu
696 1054 747 1104 er
761 1054 815 1094 ass
829 1054 933 1095 c1vm1s
947 1054 1034 1094 sunm
1048 1054 1162 1095 sarava

355 1112 469 1168 Bellum
482 1113 512 1165 in
526 1109 610 1183 Syria
622 1110 762 1166 Caecilius
774 1110 880 1165 Bassus
895 1129 910 1166 e

302 1200 366 1236 rum
379 1181 503 1252 partium
516 1180 757 1235 excitavit-relicto
767 1128 977 1251 alegione‘Cex.
988 1179 1121 1249 Caesare,
1137 1196 1209 1251 qnae
1219 1180 1256 1234 ad
1264 1179 1334 1234 Bas·

303 1269 366 1305 sum
376 1250 536 1314 transierat,
547 1250 693 1319 occisoque
704 1264 745 1304 eo.
773 1247 879 1303 Caesar
889 1248 1048 1319 Scipionem
1052 1255 1214 1329 praetorem
1222 1248 1334 1302 Iubam·

304 1338 359 1391 qne
378 1319 447 1373 vicit
464 1319 501 1373 ad
513 1318 659 1388 Thapsum
676 1318 776 1373 castris
793 1334 890 1372 eorum
907 1324 1082 1389 expugnatis.
1109 1318 1180 1372 Cato
1194 1318 1290 1371 andita
1304 1335 1335 1371 rc

304 1408 368 1444 eum
387 1406 418 1443 se
435 1388 618 1458 percussisset
631 1386 732 1441 Vticae
750 1391 779 1441 et
794 1386 998 1442 interveniente
1015 1386 1074 1441 filio
1087 1393 1243 1453 curaretur,
1262 1387 1335 1440 inter

305 1461 396 1528 ipsam
414 1456 587 1510 curationem
599 1455 718 1509 rescisso
731 1456 846 1510 vulnere
860 1456 996 1525 expiravit
1009 1473 1083 1510 anno
1098 1458 1199 1510 aetat-is
1216 1456 1334 1524 quadra-

304 1528 413 1599 gesimo
423 1532 531 1580 octavo.
559 1524 687 1579 Petreius
696 1523 796 1578 Iubam
806 1541 892 1594 seque
901 1524 1050 1580 interfecit.
1077 1525 1110 1579 Ρ.
1122 1523 1215 1595 Scipio
1224 1526 1254 1577 in
1263 1540 1334 1578 nave

304 1597 509 1650 circumventus
518 1594 653 1648 honestae
662 1592 744 1647 morti
752 1609 848 1647 vocem
860 1593 1032 1660 [honestam]
1042 1594 1158 1661 adiecit,
1177 1592 1334 1664 quaerenti-

305 1666 358 1720 bus
376 1664 451 1718 enim
467 1663 505 1716 im
526 1668 664 1717 oratorem
681 1661 807 1716 hostibus
825 1661 895 1715 dixit
914 1662 1078 1732 ‘imperator
1094 1679 1124 1717 se
1138 1661 1211 1717 bene
1225 1662 1333 1717 habet'.

306 1734 429 1789 Faustus
438 1736 468 1786 et
530 1730 611 1785 anius
619 1730 713 1785 occisi.
731 1727 847 1785 Catonis
855 1729 914 1783 filio
923 1730 1007 1786 venia
1016 1732 1091 1785 data.
1109 1730 1213 1785 Brutus
1223 1732 1334 1801 legatus

304 1798 582 1858 CaesarisinGallia
589 1799 755 1855 Bellovacos
763 1798 934 1854 rebellantes
943 1800 1050 1870 proelio
1059 1800 1133 1854 vicit.

473 1881 513 1920 nx
525 1880 582 1921 uns.
597 1879 656 1922 cxv
669 1880 720 1931 QVI
732 1880 786 1921 nsr
799 1879 904 1920 crvrurs
917 1882 1008 1922 nanu
1021 1882 1166 1922 serratas.

357 1939 466 1995 Caesar
484 1944 615 2008 quattuor
631 1937 787 2008 triumphos
800 1938 893 2007 duxit,
913 1955 947 1993 ex
961 1937 1071 2008 Gallia,
1092 1957 1125 1994 ex
1138 1940 1181 1993 Ae
1243 1944 1286 2009 to,
1302 1955 1336 1993 er

305 2009 411 2076 Ponto,
427 2025 461 2062 ex
474 2006 580 2062 Africa.
610 2007 723 2077 epulum
737 2011 766 2061 et
778 2007 867 2061 omnis
881 2008 992 2087 generis
1006 2009 1169 2078 spectacula
1202 2026 1217 2063 e
1238 2009 1268 2063 it.
1296 2008 1334 2061 M.

306 2078 442 2132 Marcello
451 2076 591 2130 consulari
600 2080 699 2130 senatu
706 2080 825 2146 rogante
835 2076 956 2131 reditum
965 2077 1114 2146 concessit,
1133 2076 1335 2148 quobeneficio

306 2147 365 2202 eius
375 2144 527 2200 Marcellus
539 2144 596 2199 frui
608 2161 665 2199 non
673 2149 778 2215 potuit,
794 2142 872 2199 aCn.
882 2144 979 2217 Magio
989 2147 1091 2201 cliente
1102 2164 1151 2200 suo
1160 2148 1280 2201 Athenis
1290 2164 1334 2200 oc-

306 2216 388 2297 cisus.
406 2230 578 2296 recnensume
599 2214 629 2281 it,
641 2214 1335 2295 qnocensasuntciriumcapitacentumquinqua·

306 2281 1335 2425 thaleti,tt&MiltilltzatllellttlltlElegea

306 2439 443 2499 summam
455 2420 601 2475 victoriam
613 2437 677 2480 oum
689 2437 793 2493 magno
806 2421 965 2476 discrimine
975 2421 1012 2475 ad
1020 2420 1155 2474 Mundam
1163 2372 1262 2476 urbem
1270 2439 1334 2476 con·

307 2495 482 2547 secutusest.
508 2489 660 2559 Pompeius
670 2487 732 2544 Sex.
743 2488 851 2561 effugit.

473 2570 513 2610 ax
524 2571 582 2610 me.
598 2569 667 2611 cxvl
682 2570 732 2621 Qvi
745 2571 800 2611 nsr
814 2570 917 2611 crvrnis
931 2571 1019 2611 annm
1034 2570 1174 2611 ocravva

358 2628 465 2685 Caesar
483 2645 517 2684 ex
529 2627 670 2698 Hispania
686 2628 814 2698 quintum
826 2629 997 2698 triumphum
1010 2630 1079 2700 egit.
1106 2634 1135 2683 et
1148 2645 1210 2683 cum
1222 2628 1335 2699 plurimi

296 2699 476 2768 maximique
493 2697 613 2752 honores
626 2713 644 2752 a
658 2702 758 2751 senatu
776 2697 882 2752 decreti
895 2703 1001 2767 essent,
1020 2698 1093 2752 inter
1106 2714 1175 2768 quos
1189 2705 1221 2751 ut
1233 2714 1336 2767 parens

305 2768 417 2839 patriae
428 2784 464 2836 ap
486 2766 618 2821 ellaretur
626 2770 656 2820 et
665 2771 860 2821 sacrosanctus
869 2782 903 2821 ac
912 2766 1244 2837 dictatorinperpetnnm
1253 2772 1335 2832 esset,

306 2836 429 2891 invidiae
440 2784 572 2889 atfversns
582 2851 645 2889 enm
655 2851 769 2889 cansam
777 2835 987 2905 praestitere,et
996 2836 1071 2906 quod
1079 2837 1191 2891 senatui
1200 2835 1338 2891 deferenti

306 2907 358 2961 hos
372 2905 506 2972 honores,
521 2920 585 2958 cum
599 2908 664 2958 ante
678 2904 778 2959 aedem
787 2903 906 2959 Veneris
915 2903 1074 2960 Genetricis
1083 2907 1204 2972 sederet,
1220 2922 1278 2959 non
1287 2904 1336 2958 ad·

306 2974 435 3042 surrexit,
447 2979 476 3028 et
485 2973 561 3043 qnod
571 2975 613 3041 [a]
623 2972 663 3026 M.
671 2971 797 3028 Antonio
807 2972 920 3028 consule
929 2974 1042 3046 collega
1051 2990 1101 3030 sno
1110 2975 1183 3030 inter
1192 2974 1336 3044 Lupercos

306 3047 438 3098 canente
455 3041 586 3097 diadema
604 3040 692 3111 capiti
708 3057 759 3095 suo
777 3042 930 3111 inpositum
946 3042 976 3096 in
994 3042 1065 3097 sella
1082 3043 1207 3113 reposuit
1220 3051 1248 3098 et
1262 3042 1338 3111 qnod

306 3111 410 3182 Epidio
425 3110 545 3165 Marullo
559 3115 589 3165 et
597 3109 727 3165 Caesetio
740 3110 829 3165 Flavo
841 3109 961 3164 tribunis
973 3112 1065 3180 plebis
1078 3111 1212 3165 invidiam
1226 3112 1253 3164 ei
1265 3118 1336 3163 tam·

306 3197 395 3252 quam
411 3179 531 3251 reghnm
550 3178 705 3234 adfectanti
720 3180 920 3247 [moventibus]
933 3185 1058 3261 potestas
1072 3179 1210 3250 abrogata
1224 3184 1274 3233 est.
1303 3196 1337 3234 ex

306 3250 351 3303 his
364 3248 458 3303 causis
472 3248 679 3318 conspiratione
692 3247 722 3302 in
736 3248 1026 3315 eumfacta,cn1usca
1047 3246 1209 3302 itafnerrmt
1217 3247 1255 3301 M.
1264 3247 1336 3302 Bru-

306 3325 353 3371 tus
367 3321 397 3372 et
410 3316 442 3371 C.
457 3316 570 3372 Cassius
584 3322 613 3372 et
627 3333 661 3371 ex
674 3315 803 3372 Caesaris
816 3315 944 3387 partibus
953 3316 1024 3371 Dec.
1058 3320 1137 3370 rutae
1150 3321 1179 3371 et
1188 3315 1220 3371 C.
1229 3316 1336 3371 Trebo-

307 3387 387 3454 nius,
401 3385 558 3455 inPompei
567 3386 645 3439 curia
655 3386 761 3440 occisus
769 3390 813 3439 est
821 3385 921 3456 viginti
929 3385 1019 3440 tribus
1027 3385 1202 3454 vulneribus,
1217 3401 1336 3457 occupa·

306 3454 471 3525 tumqneab
479 3454 705 3510 interfectoribus
715 3455 774 3509 eins
784 3453 961 3524 Capitolium.
984 3453 1121 3509 oblivione
1132 3454 1233 3509 deinde
1243 3456 1336 3510 caedis

307 3525 369 3580 eins
385 3541 402 3578 a
417 3529 517 3579 senatu
530 3524 656 3593 decreta,
671 3523 816 3578 ohsidibns
827 3523 934 3576 Antoni
947 3528 977 3577 ct
989 3523 1092 3594 Lepidi
1104 3523 1200 3577 liberis
1214 3525 1336 3592 acceptis

307 3592 450 3648 coniurati
463 3591 630 3661 aCapitolio
644 3593 858 3648 descenderunt.
885 3597 1052 3647 testamento
1067 3590 1196 3647 Caesaris
1208 3594 1290 3647 heres
1304 3609 1337 3646 ex

306 3668 391 3733 parte
408 3660 526 3715 dimidia
542 3660 685 3715 institutus
699 3660 731 3717 C.
745 3660 890 3724 Octavius,
909 3660 1011 3714 sororis
1027 3678 1063 3716 ne
1084 3676 1129 3729 os,
1148 3666 1177 3716 et
1193 3661 1223 3715 in
1236 3678 1337 3715 nomen

307 3732 462 3801 adoptatus
470 3734 522 3785 est.
544 3728 674 3786 Caesaris
683 3746 783 3800 corpus
793 3730 1032 3799 cumincampum
1073 3730 1173 3783 artium
1181 3730 1338 3797 ferretur,a

306 3799 394 3869 plebe
413 3804 479 3853 ante
497 3805 589 3853 rostra
606 3804 759 3854 crematum
777 3804 827 3853 est.
856 3798 1011 3853 dictaturae
1029 3798 1116 3852 honos
1129 3798 1159 3851 in
1171 3803 1337 3868 perpetuum

306 3867 439 3922 sublatus
456 3872 507 3921 est
542 3866 574 3923 C.
587 3868 729 3935 Amatius,
748 3866 920 3921 humillimae
938 3867 1019 3920 sortis
1035 3867 1131 3935 homo,
1151 3868 1199 3937 qni
1216 3884 1247 3920 se
1265 3865 1337 3919 Mari

307 3934 400 3990 filium
421 3934 547 4006 ferebat,
568 3952 632 3990 cum
652 3936 728 4006 apud
745 3935 888 3990 credulam
905 3934 1018 4006 plehem
1035 3936 1186 3991 seditiones
1203 3938 1335 4000 moveret,
1401 3952 1407 3966 ·

306 4010 427 4060 necatus
437 4009 489 4060 est

720 4075 761 4117 ux
773 4076 829 4117 nra.
844 4074 931 4117 cxvn.

361 4140 394 4197 C.
414 4140 549 4197 Octavius
566 4141 685 4196 Romam
702 4158 736 4196 ex
752 4142 777 4195 Ε
798 4141 839 4196 iro
856 4142 934 4197 venit
947 4173 981 4183 —
994 4157 1028 4196 eo
1046 4140 1120 4196 enim
1135 4138 1215 4192 illum
1232 4136 1338 4193 Caesar

306 4210 510 4282 praemiserat,
523 4209 629 4265 bellum
641 4209 671 4264 in
684 4209 764 4265 Mace
786 4212 850 4265 onia
864 4216 994 4283 gesturus
1005 4241 1052 4277 -,
1067 4208 1261 4276 ominibusque
1273 4222 1337 4277 pro·

305 4280 400 4352 speria
411 4283 545 4349 exceptus
553 4283 691 4334 etnomen
700 4279 829 4335 Caesaris
837 4280 964 4349 sumpsit.
990 4278 1020 4332 in
1033 4276 1194 4331 confusione
1202 4291 1296 4330 rernm
1304 4291 1338 4329 ac

306 4348 436 4406 tumultu
447 4346 487 4401 M.
496 4346 622 4420 Lepidus
634 4346 830 4419 pontificatum
843 4349 992 4403 maximnm
1005 4344 1162 4416 intercepit.
1189 4349 1219 4424 et
1231 4342 1269 4397 M.
1278 4344 1337 4398 An-

930 1129 980 1166 nes
992 1112 1136 1166 Romanus
1148 1110 1335 1180 Pompeiana·
1432 1174 1434 1179 Ι
1466 1131 1468 1138 ·
