3359 5092
490 503 1075 575 uranuxxxxv‚12.1a[a.c.1oa]
1234 493 1295 560 161

292 663 461 753 consultum]
486 664 641 751 scriptum
663 662 810 729 habentis
832 661 929 728 tradit
952 674 1048 747 atque
1067 664 1209 729 omnium
1230 665 1297 752 pri·

287 760 407 825 numid
423 761 533 848 legere
548 759 648 827 iubet.
675 758 792 843 quibus
809 757 958 844 perlectis
971 780 1045 824 cum
1063 780 1098 824 se
1116 758 1296 824 considera·
1314 780 1331 829 5

285 869 376 922 turum
388 854 540 920 adhibitis
553 854 674 932 amicis,
692 853 770 939 quid
784 852 968 919 faciendum
982 853 1043 919 sibi
1057 865 1140 922 esset
1154 854 1296 934 dixisset,

285 949 440 1036 Popillius,
465 971 525 1035 pro
549 960 655 1015 cetera
680 948 852 1034 asperitate
880 948 993 1027 animi,
1021 947 1112 1035 virga
1138 970 1236 1033 quam
1262 948 1296 1013 in

285 1067 365 1110 nanu
386 1044 520 1130 gerebat
542 1042 789 1128 circumscripsit
812 1065 924 1129 regem
946 1065 984 1108 ac
1010 1044 1213 1129 ‘priusquam
1234 1042 1296 1109 hoc

285 1140 385 1205 irculo
403 1138 555 1205 excedas’
578 1138 683 1223 inquit
704 1138 816 1204 ‘redde
839 1159 1042 1224 responsum,
1066 1139 1191 1205 senatui
1209 1139 1296 1224 quod

285 1234 423 1300 cleram?
468 1234 709 1319 obstupefactus
727 1247 793 1298 tam
815 1233 955 1301 violento
972 1234 1106 1320 imperio
1123 1257 1296 1322 parumper
1314 1254 1328 1302 a

285 1350 341 1394 mm
361 1327 566 1406 haesitasset,
593 1327 737 1392 ‘faciam’
759 1328 864 1412 inquit
890 1328 993 1412 ‘quod
1015 1340 1123 1394 censet
1146 1328 1295 1395 senatus!

285 1445 337 1486 ,um
354 1422 485 1487 demum
492 1421 650 1508 Popillius
664 1422 808 1487 dextram
826 1422 896 1508 regi
914 1435 1077 1506 tamquam
1096 1423 1181 1488 socio
1200 1437 1296 1508 atque

285 1517 368 1581 tmico
382 1517 534 1602 porrexit.
561 1517 612 1582 die
627 1517 741 1583 deinde
756 1517 846 1582 finita
859 1539 933 1582 cum
946 1519 1135 1585 excessisset
1143 1519 1296 1604 Aegypto
1316 1537 1329 1583 1

285 1612 464 1689 Antiochus,
487 1612 601 1700 legati,
626 1613 796 1679 concordia
813 1612 910 1677 etiam
928 1612 1117 1679 auctoritate
1135 1637 1194 1679 sua
1214 1613 1297 1679 inter

285 1707 380 1773 'ratres
398 1707 540 1785 firmata,
563 1708 646 1774 inter
663 1730 744 1792 quos
767 1707 901 1772 vixdum
919 1720 1110 1774 convenerat
1127 1731 1206 1794 pax,
1230 1705 1297 1794 Cy-

285 1826 360 1886 prum
368 1803 524 1888 navigant
533 1814 565 1867 et
577 1802 662 1878 inde,
681 1824 763 1886 quae
777 1801 972 1867 iamvicerat
984 1803 1105 1889 proelio
1115 1802 1296 1888 Aegyptias

285 1922 379 1976 iares,
407 1898 542 1963 classem
559 1897 713 1963 Antiochi
736 1897 907 1962 dimittunt.
944 1898 1031 1963 clara
1053 1921 1092 1965 ea
1113 1920 1171 1984 per
1191 1896 1330 1983 gentiss

286 1995 384 2079 egatio
403 1993 480 2068 fuit,
502 1992 590 2076 quod
611 1992 698 2056 haud
722 1992 818 2058 dubie
836 1993 987 2078 adempta
1003 1992 1166 2058 Antiocho
1183 1993 1297 2079 Aegy-

285 2101 341 2170 ptus
369 2087 501 2152 habenti
531 2086 596 2150 iam
622 2086 846 2170 redditumque
876 2088 1017 2173 patrium
1042 2111 1179 2175 regnum
1206 2086 1296 2174 stirpi

285 2182 445 2247 Ptolemaei
462 2182 576 2247 fuerat.

333 2275 512 2342 Consulum
534 2276 602 2341 eius
626 2275 701 2341 anni
723 2275 806 2341 sicut
828 2276 958 2342 alterius
981 2276 1085 2342 clarus
1113 2277 1296 2342 consulatus
1315 2292 1329 2337 o

285 2372 385 2456 migni
402 2371 544 2448 victoria,
562 2371 608 2434 ita
625 2371 754 2436 alterius
769 2370 906 2436 obscura
923 2370 1021 2448 fama,
1039 2372 1115 2454 quia
1132 2371 1297 2436 materiam

285 2487 320 2528 es
336 2464 469 2550 gerendi
490 2487 554 2528 non
572 2464 693 2529 habuit.
728 2465 793 2530 iam
810 2465 949 2551 primum
967 2488 1041 2530 cum
1058 2464 1237 2551 legionibus
1255 2464 1296 2528 ad
1317 2479 1348 2526 ιο

285 2560 522 2624 unveniendum
531 2557 648 2646 [diem]
659 2559 748 2637 dixit,
766 2581 831 2624 non
845 2561 1009 2645 auspicato
1028 2560 1183 2645 templum
1199 2554 1297 2623 intra-

285 2653 327 2718 rit.
349 2655 426 2719 vitio
441 2655 525 2718 diem
544 2654 663 2719 dictam
681 2678 750 2720 esse
768 2677 917 2741 augures,
936 2676 1011 2720 cum
1028 2655 1070 2718 ad
1088 2676 1143 2719 eos
1159 2654 1297 2719 relatum

285 2761 329 2825 ost,
345 2750 563 2814 decreverunt.
590 2750 752 2836 profectus
769 2749 955 2816 inGalliam
968 2749 1052 2814 circa
1061 2748 1191 2816 Macros
1210 2770 1297 2813 cam·
1317 2763 1346 2809 11

285 2863 328 2926 pos
353 2844 394 2908 ad
425 2844 542 2908 montis
570 2843 758 2909 Siciminam
785 2856 817 2909 et
843 2843 1006 2930 Papinum
1033 2844 1148 2909 stativa
1173 2842 1296 2920 habuit,

285 2936 383 3003 deinde
398 2939 481 3003 circa
496 2938 607 3003 eadem
625 2938 697 3004 loca
715 2960 788 3003 cum
807 2939 900 3003 sociis
918 2939 1054 3004 nominis
1064 2938 1174 3004 Latini
1191 2938 1298 3002 hiber-

285 3031 380 3110 nabat3
408 3033 550 3118 legiones
572 3033 752 3110 Romanae,
780 3033 867 3117 quod
889 3033 967 3098 vitio
991 3034 1057 3098 dies
1080 3032 1233 3098 exercitui
1256 3031 1297 3095 ad
1317 3048 1348 3093 12

285 3127 523 3192 conveniendum
538 3127 624 3191 dicta
638 3137 715 3204 erat,
733 3126 857 3193 Romae
871 3138 1063 3193 manserant.
1091 3137 1123 3191 et
1135 3136 1296 3211 praetores
1318 3140 1349 3186 13

285 3234 394 3302 practer
407 3219 624 3307 &Papirium
640 3218 832 3299 Carbonem,
852 3224 904 3288 cui
919 3222 1068 3289 Sardinia
1086 3232 1246 3296 evenerat,
1263 3219 1298 3282 in

285 3316 449 3396 morineias
466 3316 542 3381 iere.
587 3316 724 3381 eundem
740 3317 790 3381 ius
809 3317 914 3383 dicere
932 3316 1117 3381 Romae-
1133 3337 1207 3378 nam
1226 3336 1297 3378 eam

285 3425 396 3494 quoque
415 3423 534 3475 sortem
549 3410 831 3477 habebat—inter
846 3412 932 3477 cives
947 3422 978 3476 et
992 3409 1178 3497 peregrinos
1191 3420 1297 3494 patres

286 3517 468 3569 censuerant.

336 3595 434 3662 XIII.
452 3600 499 3665 Vt
511 3598 669 3684 Popillius
683 3609 715 3664 et
735 3622 773 3665 ea
790 3599 908 3686 legatio
922 3621 1006 3682 quae
1021 3598 1118 3663 missa
1132 3598 1173 3663 ad
1182 3598 1297 3662 Antio-
1317 3618 1330 3665 1

286 3687 366 3756 chum
391 3704 459 3758 erat
479 3691 618 3757 Romam
635 3693 739 3771 rediit,
755 3695 887 3771 rettulit,
907 3693 1136 3758 controversias
1149 3691 1232 3758 inter
1249 3715 1299 3757 re-

285 3803 331 3867 ges
352 3786 494 3851 sublatas
518 3810 587 3852 esse
611 3789 851 3871 exercitumque
875 3812 915 3853 ex
936 3789 1090 3873 Aegypto
1112 3787 1146 3852 in
1170 3785 1299 3871 Syriam

285 3879 446 3946 reductum.
473 3893 547 3967 post
563 3882 705 3969 ipsorum
719 3906 833 3969 regum
846 3882 945 3968 legati
960 3893 1126 3958 venerunt,
1145 3878 1297 3946 Antiochi
1316 3901 1331 3947 2

285 3967 369 4059 legati
387 3976 577 4054 referentes,
594 3977 682 4042 omni
699 3978 832 4044 victoria
848 3976 1004 4062 potiorem
1022 3998 1136 4061 pacem
1152 3972 1230 4059 regi,
1250 3995 1299 4036 se-

285 4069 359 4133 natui
382 4090 465 4153 quae
491 4071 678 4156 placuisset,
705 4073 807 4138 visam
831 4092 967 4156 eumque
988 4071 1067 4136 haut
1089 4090 1181 4134 secus
1202 4087 1299 4148 quam

285 4160 404 4228 leorum
425 4164 558 4250 imperio
581 4166 760 4252 legatorum
782 4166 1002 4232 Romanorum
1024 4163 1119 4229 iussis
1144 4156 1297 4246 paruisse.

285 4258 422 4341 patulati
445 4258 519 4325 dein
541 4260 580 4325 de
602 4261 734 4326 victoria
756 4271 844 4340 sunt,
871 4282 969 4344 quam
993 4256 1147 4345 [summa]
1169 4275 1245 4341 ope,
1271 4254 1298 4320 si
1317 4269 1332 4315 3

320 4358 369 4403 blot
377 4360 418 4404 ool.
426 4359 462 4403 ll'.
1100 4356 1133 4409 11

1196 4525 1205 4538 ⁸
1260 4511 1374 4551 Λ
