3359 5092
511 555 629 620 trusa
645 561 1092 634 xxxxn,64.65.[ac.171]
1274 551 1317 620 83

306 723 449 810 extemplo
468 721 628 809 capiendi3
656 721 814 806 simulque
835 720 870 787 in
886 722 986 799 vallo,
1013 723 1055 787 ad
1075 734 1199 809 portas,
1226 725 1316 791 miles

307 818 461 884 instrucms
483 827 561 881 erat.
607 812 707 903 [...]
726 826 758 881 et
778 815 977 881 inconsultae
995 818 1241 903 oppugnationis
1264 839 1350 890 ca-5

308 925 427 979 strorum
442 911 583 977 Perseus
601 922 633 976 et
655 911 815 997 extemplo
833 911 1021 998 circumegit
1036 912 1139 977 aciem
1162 923 1194 979 et
1214 913 1317 1000 prima

308 1008 519 1095 inpedimenta
535 1008 596 1083 ire,
615 1005 731 1073 deinde
747 1007 892 1094 peditum
910 1008 1002 1094 signa
1019 1007 1096 1073 ferri
1112 1008 1213 1074 iussit.
1248 1009 1317 1095 ipse

308 1124 366 1169 cum
381 1103 526 1188 equitatu
543 1112 576 1168 et
591 1102 655 1168 levi
673 1113 834 1167 armatura
850 1102 992 1168 substitit
1008 1104 1049 1168 ad
1067 1126 1184 1190 agmen
1201 1125 1319 1190 cogen-

307 1197 383 1276 dum,
405 1209 508 1274 ratus,
531 1195 565 1261 id
582 1196 670 1281 quod
687 1195 816 1274 accidit,
838 1195 1038 1263 insecuturos
1057 1198 1099 1263 ad
1116 1208 1258 1264 extrema
1276 1197 1317 1262 ab

306 1302 381 1380 tergo
398 1292 558 1379 carpenda
579 1291 690 1357 hostis.
733 1292 831 1359 breve
854 1303 1014 1360 certamen
1035 1295 1114 1361 levis
1138 1307 1317 1361 armaturae
1336 1310 1351 1359 o

306 1387 428 1454 maxime
442 1409 515 1452 cum
529 1387 804 1473 procursatoribus
818 1387 893 1465 fuit3
913 1388 1034 1472 equites
1047 1388 1235 1475 peditesque
1249 1389 1317 1455 sine

304 1483 429 1548 tumultu
445 1483 480 1548 in
497 1492 601 1547 castra
617 1481 788 1548 redierunt

356 1576 520 1643 Demessis
538 1576 622 1643 circa
639 1576 801 1663 segetibus
819 1577 957 1643 Romani
975 1579 1016 1643 ad
1035 1575 1218 1657 Crannona,
1235 1580 1350 1645 inte-t

304 1683 378 1737 ctum
396 1694 525 1760 agrum,
554 1682 659 1737 castra
680 1682 819 1738 movent.
863 1671 910 1737 ibi
927 1694 1002 1738 cum
1018 1674 1122 1739 securi
1140 1684 1172 1739 et
1188 1689 1318 1762 propter

304 1765 556 1853 longinquitatem
569 1776 602 1831 et
612 1765 684 1832 riae
697 1766 801 1852 inopis
815 1785 971 1851 aquarum
984 1767 1215 1845 difficultatem,
1234 1790 1317 1853 quae

304 1859 373 1927 iuter
382 1859 555 1927 Sucurium
570 1872 602 1926 et
610 1858 784 1926 Crannona
797 1871 856 1938 est,
874 1861 989 1927 stativa
1005 1861 1169 1940 haberent,
1187 1874 1317 1949 repente
1334 1878 1351 1929 8

305 1955 394 2040 prima
414 1955 486 2021 luce
510 1952 535 2042 [
559 1952 575 2041 ]
600 1954 838 2021 imminentibus
865 1956 996 2021 tumulis
1024 1957 1184 2041 equitatus
1210 1956 1318 2044 regius

306 2069 367 2113 cum
381 2049 445 2115 levi
458 2060 619 2114 armatura
631 2050 719 2115 visus
734 2049 898 2136 ingentem
912 2052 1084 2117 tumultum
1102 2051 1188 2118 fecit.
1214 2051 1317 2139 pridie

304 2161 352 2228 per
365 2142 529 2209 meridiem
546 2143 680 2230 profecti
699 2144 740 2208 ab
759 2142 896 2211 Sucurio
914 2157 1020 2224 erant3
1038 2146 1183 2233 peditum
1200 2169 1318 2233 agmen

305 2238 354 2301 sub
369 2237 441 2303 luce
454 2238 649 2322 reliquerant
664 2237 698 2302 in
711 2260 869 2324 proxuma
885 2238 1026 2325 planitie.
1054 2240 1139 2305 stetit
1156 2241 1318 2327 paulisper
1336 2255 1351 2304 9

305 2329 332 2396 in
352 2332 495 2409 tumulis,
521 2332 593 2397 elici
615 2353 710 2418 posse
731 2344 819 2398 ratus
843 2333 884 2397 ad
907 2343 1053 2418 equestre
1075 2345 1235 2399 certamen
1252 2333 1319 2400 Ro·

304 2446 417 2505 nanos3
438 2426 473 2491 bi
494 2437 664 2512 postquam
684 2426 763 2493 nihil
780 2428 969 2505 movebant,
992 2427 1132 2512 equitem
1149 2427 1246 2493 mittit
1262 2427 1318 2511 qui

304 2519 412 2604 pedites
428 2520 548 2586 referre
570 2520 612 2585 ad
630 2518 803 2586 Sucurium
820 2521 914 2607 signa
930 2520 1069 2597 iuberet,
1090 2520 1159 2607 ipse
1176 2542 1253 2586 mox
1269 2521 1318 2586 in-

303 2625 428 2680 secutus.
482 2614 619 2680 Romani
641 2615 763 2699 equites
789 2616 916 2680 modico
942 2614 1109 2681 intervallo
1137 2625 1315 2700 sequentes,
1337 2630 1368 2682 ιο

303 2705 393 2772 sicubi
416 2730 543 2794 sparsos
561 2730 600 2773 ac
621 2709 790 2795 dissipatos
811 2708 963 2775 invadere
980 2719 1125 2795 possent,
1146 2719 1318 2796 postquam

300 2803 449 2868 confertos
468 2803 570 2879 abire,
597 2804 689 2890 signa
710 2817 807 2889 atque
824 2804 952 2870 ordines
975 2814 1137 2870 servantes
1159 2804 1317 2882 viderunt,

299 2907 327 2962 et
340 2897 401 2984 ipsi
419 2898 453 2962 in
471 2909 575 2963 castra
590 2898 735 2963 redeunt.

356 2991 468 3058 LXV.
499 2992 580 3058 Inde
606 2992 747 3069 offensus
777 2992 1012 3079 longinquitate
1042 2992 1162 3058 itineris
1193 3014 1251 3056 rex
1276 2991 1318 3055 ad
1337 3009 1350 3057 1

297 3083 457 3174 Mopsium
479 3098 583 3151 castra
604 3087 719 3165 movit,
748 3098 781 3153 et
801 3086 939 3152 Romani
962 3087 1114 3152 demessis
1138 3082 1317 3150 Crannonis

297 3181 453 3267 segetibus
471 3180 505 3245 in
521 3180 765 3247 Phalannaeum
782 3203 897 3267 agrum
915 3190 1089 3247 transeunt.
1121 3180 1166 3243 ibi
1184 3201 1258 3245 cum
1276 3200 1316 3244 ex
1335 3194 1350 3241 2

294 3276 460 3362 transfuga
473 3286 642 3363 cognosset
657 3299 715 3342 rex
727 3277 795 3342 sine
808 3275 874 3340 nllo
889 3285 1010 3339 armato
1028 3272 1185 3359 praesidio
1198 3273 1318 3359 passim

293 3371 438 3457 vagantis
455 3393 515 3456 per
531 3392 626 3456 agros
643 3370 807 3436 Romanos
824 3385 958 3445 metere,
977 3389 1050 3433 cum
1069 3364 1186 3454 [mille]
1204 3366 1318 3451 equiti·

294 3464 367 3543 bus,
389 3464 516 3530 duobus
538 3464 667 3530 milibus
685 3464 849 3529 Thracum
871 3473 903 3529 et
920 3460 1123 3528 Cretensium
1143 3461 1317 3548 profectus,

292 3581 366 3626 cum
383 3569 540 3644 quantum
558 3559 738 3624 adcelerare
755 3568 881 3644 poterat
898 3556 1000 3623 effuso
1019 3556 1146 3641 agmine
1163 3556 1253 3633 isset,
1270 3556 1319 3620 in·

290 3653 420 3742 proviso
437 3653 609 3740 adgressus
627 3664 676 3719 est
693 3653 867 3719 Romanos.
911 3652 1019 3716 iuncta
1036 3650 1196 3727 vehicula,
1214 3650 1318 3736 plera·
1336 3666 1350 3712 3

287 3769 354 3834 que
379 3757 511 3822 onusta,
536 3747 623 3813 mille
649 3745 822 3813 admodum
849 3745 1031 3832 capiuntur,
1058 3744 1193 3810 sescenti
1219 3743 1319 3810 ferme

290 3842 448 3910 homiues.
474 3841 628 3928 praedam
645 3840 887 3907 custodiendam
905 3838 1147 3924 ducendamque
1164 3837 1198 3903 in
1215 3849 1319 3903 castra
1336 3854 1353 3900 4

287 3937 441 4005 naeentis
455 3934 657 4002 Cretensium
675 3935 776 4001 dedit:
793 3936 863 4021 ipse
880 3943 1028 4001 revocato
1046 3933 1088 3998 ab
1102 3932 1204 3999 effusa
1222 3930 1319 3996 caede
1337 3946 1352 3993 5

287 4034 399 4119 equite
413 4043 447 4098 et
461 4032 593 4116 reliquis
610 4031 753 4119 peditum
769 4029 858 4095 ducit
870 4029 911 4094 ad
924 4028 1106 4115 proximum
1115 4025 1318 4113 praesidium,

287 4139 380 4194 ratus
396 4127 478 4192 haut
490 4148 608 4212 magno
623 4125 795 4192 certamine
810 4124 947 4213 opprimi
963 4145 1067 4212 posse.
1093 4121 1135 4185 L.
1144 4119 1318 4205 Pompeius
1337 4134 1351 4185 o

285 4221 440 4287 tribrmus
452 4221 590 4286 militum
602 4231 757 4307 praeerat,
775 4220 832 4305 qui
846 4218 1009 4306 perculsos
1022 4216 1138 4281 milites
1154 4212 1319 4300 repentino

288 4313 434 4383 bostium
450 4316 591 4382 adventu
607 4315 642 4382 in
658 4314 874 4402 propinquum
890 4313 1048 4379 tumulum
1062 4307 1190 4465 reogpit,
1207 4308 1270 4374 loci
1286 4330 1321 4373 se
