3359 5092
503 540 621 596 umus
636 539 826 610 xxxmm,
846 540 888 594 os.
902 540 945 596 aa.
964 539 1117 612 [acics]
1261 528 1322 594 141

302 699 351 764 sed
376 697 477 762 multo
500 698 603 783 magis
624 697 667 762 ab
689 720 729 762 ea
753 697 971 777 multitudine,
999 722 1082 783 quae
1109 700 1263 787 disposita
1288 701 1323 767 in

302 791 434 857 turribus
457 791 577 868 stabat,
604 792 691 856 omni
707 814 825 877 genere
843 793 1010 860 missilium
1028 794 1164 859 telorum
1182 815 1220 860 ac
1237 795 1322 860 sads

302 886 432 952 maxime
446 886 702 952 volnerabantur.
730 886 785 950 ubi
802 888 934 972 propius
948 889 1052 975 ripam
1065 889 1206 955 hostium
1219 889 1322 955 subis-
1341 909 1374 960 22

304 993 379 1057 sent,
412 980 578 1046 tormentis
601 981 703 1048 missa
728 981 823 1047 etiam
850 982 893 1045 ad
922 983 1052 1049 ultimos
1082 983 1322 1070 perveniebant

303 1075 393 1142 multo
411 1073 557 1159 pluribus
575 1096 612 1140 eo
630 1074 682 1140 dis
700 1075 824 1140 amissis
841 1078 953 1142 consul
970 1078 1068 1163 paulo
1086 1078 1187 1143 serius
1204 1077 1324 1163 recepit

303 1190 378 1234 suos.
407 1168 499 1234 tertio
515 1168 566 1234 die
579 1169 701 1254 proelio
715 1170 877 1248 abstinuit,
896 1171 1066 1257 degressus
1080 1173 1122 1237 ad
1135 1173 1232 1237 imam
1250 1194 1324 1257 par·
1341 1192 1374 1242 tt

305 1275 362 1327 tem
384 1273 576 1340 castrorum,
602 1264 701 1328 veluti
722 1286 781 1350 per
799 1264 958 1331 devexum
975 1265 1009 1330 in
1027 1289 1115 1332 mare
1137 1266 1322 1332 bracehium

305 1356 465 1422 transitum
479 1368 701 1442 temptatums.
727 1358 877 1438 Perseus,
895 1361 982 1445 quod
995 1359 1029 1424 in
1043 1360 1143 1426 oculis
1156 1371 1225 1426 erat
1234 1358 1320 1447 [...]
1341 1378 1375 1430 tl

360 1450 531 1517 XXXVI.
564 1450 663 1538 [....]
691 1453 766 1518 anni
795 1466 868 1540 post
899 1455 1127 1520 circumactum
1153 1455 1356 1522 solstitiuml

300 1556 373 1622 erat,
390 1544 470 1609 hora
487 1545 551 1611 diei
567 1546 632 1610 iam
647 1547 689 1612 ad
702 1547 868 1613 meridiem
881 1549 1045 1635 vergebat,
1063 1549 1125 1615 iter
1137 1550 1237 1614 multo
1250 1549 1323 1634 pul·

299 1661 370 1705 rere
393 1650 426 1704 et
446 1639 657 1706 incalescente
677 1642 744 1707 sole
766 1642 889 1707 factum
911 1654 988 1708 erat.
1032 1643 1186 1708 lassitudo
1205 1653 1237 1710 et
1254 1642 1321 1708 sitis
1340 1662 1355 1710 2

300 1736 362 1802 iam
378 1736 588 1814 sentiebatur,
611 1748 643 1803 et
660 1738 825 1803 meridiem
847 1749 972 1805 aestum
988 1740 1092 1825 magis
1110 1739 1322 1804 adcensurum

299 1852 370 1896 mox
388 1831 573 1916 adparebat.
600 1832 710 1896 statuit
727 1832 773 1897 sic
790 1832 933 1898 adfectos
950 1834 1070 1899 recenti
1084 1843 1179 1917 atque
1197 1833 1321 1918 integro

298 1924 379 1990 hosti
395 1947 461 1990 non
475 1926 615 2004 obicere3
634 1927 691 1992 sed
708 1938 814 1992 tantus
828 1928 924 1993 ardor
939 1929 973 1992 in
984 1928 1098 1993 animis
1111 1928 1154 1992 ad
1168 1927 1321 1993 dimican-
1340 1944 1355 1992 e

299 2017 372 2084 dum
390 2032 564 2104 utcumque
582 2032 665 2098 erat,
688 2032 724 2085 ut
741 2022 863 2087 consuli
879 2044 943 2087 non
964 2022 1086 2088 minore
1104 2032 1171 2087 arte
1189 2020 1231 2086 ad
1249 2043 1323 2088 suos

298 2113 469 2178 eludendos
491 2134 590 2196 quam
606 2114 648 2180 ad
664 2114 764 2179 hostis
783 2137 863 2201 opus
882 2126 974 2182 esset
1009 2114 1155 2180 nondum
1172 2115 1320 2181 omnibus
1340 2133 1357 2181 4

297 2206 456 2274 instructis
482 2209 622 2274 instabat
648 2210 783 2274 tribunis
809 2209 963 2287 militum,
989 2220 1027 2274 ut
1055 2220 1251 2275 maturarent
1275 2210 1325 2274 in-

298 2315 428 2381 struere,
446 2304 633 2370 circumibat
644 2305 713 2390 ipse
727 2305 864 2381 ordines,
882 2305 1004 2369 animos
1017 2305 1153 2369 militum
1166 2304 1322 2370 hortando

299 2398 332 2462 in
348 2420 492 2484 pugnam
510 2399 713 2465 accendebat.
745 2399 791 2463 ibi
807 2400 911 2485 primo
929 2397 1050 2464 alacres
1068 2398 1195 2484 signum
1212 2414 1357 2483 posce-5

298 2489 372 2556 bant
377 2517 386 2569 3
406 2492 531 2569 deinde,
550 2504 705 2577 quantum
718 2493 907 2558 incresceret
922 2504 1039 2569 aestus,
1055 2505 1085 2557 et
1100 2493 1204 2557 voltus
1219 2490 1324 2556 minus

298 2587 440 2672 vigentes
458 2598 490 2651 et
508 2609 603 2652 voces
621 2587 782 2673 segniores
800 2600 891 2655 erant
904 2600 936 2653 et
949 2587 1080 2673 quidam
1102 2585 1323 2651 incumbentes

301 2681 392 2746 scutis
410 2681 540 2765 nixique
557 2682 629 2766 pilis
648 2683 784 2748 stabant.
811 2699 881 2748 tum
897 2684 962 2748 iam
985 2693 1093 2770 aperte
1110 2681 1220 2768 primis
1239 2680 1324 2746 ordi·
1342 2701 1357 2747 6

297 2774 388 2844 uibus
409 2775 549 2861 inperat,
571 2787 764 2842 metarentur
785 2778 924 2844 frontem
947 2789 1124 2843 castrorum
1146 2789 1178 2842 et
1199 2775 1322 2862 inpedi-

298 2883 403 2936 menta
426 2870 662 2936 constituerent.
707 2874 795 2955 quod
811 2873 868 2938 ubi
884 2873 954 2938 fieri
971 2873 1086 2940 milites
1105 2894 1246 2948 sensere,
1269 2871 1323 2936 alii
1342 2891 1356 2938 7

298 2965 437 3050 gaudere
459 2965 581 3050 palam,
607 2966 695 3048 quod
717 2967 819 3032 fessos
846 2967 917 3033 viae
943 2968 1052 3033 labore
1077 2966 1321 3053 flagrantissimo

299 3073 386 3128 aestu
407 3082 474 3125 non
496 3061 652 3147 coegisset
672 3084 827 3148 pugnare.
871 3063 970 3150 legati
993 3064 1077 3127 eirca
1096 3062 1321 3147 imperatorem
1339 3080 1355 3127 8

300 3154 456 3240 ducesque
474 3155 597 3220 externi
614 3167 714 3233 erant,
731 3157 814 3222 inter
830 3178 911 3240 quos
930 3168 962 3223 et
979 3157 1119 3231 Attalus,
1137 3176 1246 3219 omnes
1265 3153 1322 3217 ad-

301 3249 478 3333 probantes,
497 3272 570 3315 eum
583 3262 801 3336 pugnaturum
810 3252 973 3317 consulem
986 3249 1158 3316 credebant
1166 3268 1321 3330 -nsque

303 3344 382 3408 enim
394 3367 436 3409 ne
450 3344 500 3408 his
509 3342 671 3430 [quidem]
687 3345 920 3411 cunctationem
935 3355 1103 3432 aperuerat
1121 3365 1227 3419 suam3
1245 3352 1321 3407 tunc
1339 3359 1354 3407 a

303 3439 471 3505 mutatione
485 3440 607 3504 consilii
625 3440 729 3505 subita
743 3462 816 3505 cum
830 3441 884 3505 alii
898 3441 1035 3515 silerent,
1053 3437 1172 3504 Nasica
1184 3459 1268 3503 unus
1282 3459 1322 3503 ex

304 3533 444 3598 omnibus
463 3555 560 3598 ausus
578 3544 626 3599 est
642 3556 770 3601 monere
788 3534 961 3610 consulem,
978 3557 1021 3599 ne
1036 3533 1162 3598 hostem
1178 3532 1322 3597 ludifica-

303 3641 365 3695 tum
376 3630 500 3716 priores
513 3629 718 3715 imperatores
733 3629 887 3717 fugiendo
900 3640 1060 3695 certamen
1073 3628 1221 3693 manibus
1231 3626 1322 3692 emit-

303 3736 388 3791 teret:
408 3724 513 3790 vereri
525 3747 566 3790 ne
576 3722 632 3810 [si]
643 3736 735 3790 nocte
745 3725 850 3802 abeat,
865 3722 1046 3807 sequendus
1059 3722 1199 3787 maximo
1212 3722 1321 3786 labore
1340 3739 1372 3787 1o

303 3840 335 3884 ac
358 3819 503 3905 periculo
529 3819 563 3884 in
586 3819 699 3884 intima
723 3819 935 3884 Macedoniae
960 3817 1000 3882 sit
1026 3828 1210 3902 aestasque,
1240 3815 1322 3880 sicut

300 3914 455 3998 prioribus
478 3913 628 3990 ducibus,
655 3936 713 3998 per
734 3914 830 3979 calles
853 3913 1015 3995 saltusque
1037 3910 1322 3977 Macedonicorum

299 4009 453 4074 montium
472 4007 620 4093 vagando
639 4008 882 4094 circumagatur.
913 4028 948 4072 se
965 4028 1159 4092 magnopere
1177 4002 1320 4076 suadere,
1341 4019 1371 4065 11

299 4101 373 4166 dum
396 4103 430 4166 in
454 4124 567 4186 campo
588 4103 710 4187 patenti
732 4101 857 4167 hostem
879 4100 1010 4178 habeat,
1037 4098 1241 4185 adgrediatur
1261 4113 1322 4157 nec

298 4197 437 4262 oblatam
456 4196 655 4262 occasionem
672 4196 820 4263 vincendi
837 4197 969 4261 amittat.
996 4194 1107 4261 consul
1124 4190 1202 4256 nihil
1219 4187 1321 4253 offen·
1340 4205 1371 4252 12

297 4314 351 4356 sus
377 4293 481 4359 libera
507 4290 720 4358 admonitione
746 4303 812 4357 tam
834 4291 912 4358 clari
938 4286 1148 4356 adulescentis
1175 4291 1222 4350 ‘et
1245 4281 1320 4368 ego'
