<?xml version="1.0" encoding="UTF-8"?>
<!DOCTYPE html PUBLIC "-//W3C//DTD XHTML 1.0 Transitional//EN"
    "http://www.w3.org/TR/xhtml1/DTD/xhtml1-transitional.dtd">
<html xmlns="http://www.w3.org/1999/xhtml" xml:lang="en" lang="en">
 <head>
  <title>
</title>
<meta http-equiv="Content-Type" content="text/html;charset=utf-8" />
  <meta name='ocr-system' content='tesseract 3.04.00' />
  <meta name='ocr-capabilities' content='ocr_page ocr_carea ocr_par ocr_line ocrx_word'/>
</head>
<body>
  <div class='ocr_page' id='page_1' title='image "./titiliviaburbec02weisgoog_0290.png"; bbox 0 0 3359 5092; ppageno 0'>
   <div class='ocr_carea' id='block_1_1' title="bbox 422 553 1469 625">
    <p class='ocr_par' dir='ltr' id='par_1_1' title="bbox 422 553 1469 660">
     <span class='ocr_line' id='line_1_1' title="bbox 422 553 1469 625; baseline 0.001 -2"><span class='ocrx_word' id='word_1_1' title='bbox 422 560 487 623; x_wconf 77' lang='lat'>214</span> <span class='ocrx_word' id='word_1_2' title='bbox 509 567 730 625; x_wconf 76' lang='lat' dir='ltr'>rnnlocuns</span> <span class='ocrx_word' id='word_1_3' title='bbox 748 566 952 625; x_wconf 81' lang='lat' dir='ltr'>nrsnoauu</span> <span class='ocrx_word' id='word_1_4' title='bbox 969 566 1408 623; x_wconf 78' lang='lat' dir='ltr'>Lxxxxru-nxxxxvnr.</span> <span class='ocrx_word' id='word_1_5' title='bbox 1467 553 1469 564; x_wconf 76' lang='grc'>’</span> 
     </span>
    </p>
   </div>
   <div class='ocr_carea' id='block_1_2' title="bbox 421 704 1469 985">
    <p class='ocr_par' dir='ltr' id='par_1_2' title="bbox 421 704 1469 985">
     <span class='ocr_line' id='line_1_2' title="bbox 423 704 1469 786; baseline -0.005 -22"><span class='ocrx_word' id='word_1_6' title='bbox 423 708 603 764; x_wconf 80' lang='lat' dir='ltr'>Calchedona</span> <span class='ocrx_word' id='word_1_7' title='bbox 619 707 725 777; x_wconf 90' lang='lat' dir='ltr'>proelio</span> <span class='ocrx_word' id='word_1_8' title='bbox 741 722 759 759; x_wconf 85' lang='lat' dir='ltr'>a</span> <span class='ocrx_word' id='word_1_9' title='bbox 772 723 839 777; x_wconf 84' lang='lat' dir='ltr'>rego</span> <span class='ocrx_word' id='word_1_10' title='bbox 858 708 961 774; x_wconf 82' lang='lat' dir='ltr'>victus3</span> <span class='ocrx_word' id='word_1_11' title='bbox 979 722 1079 775; x_wconf 90' lang='lat' dir='ltr'>resque</span> <span class='ocrx_word' id='word_1_12' title='bbox 1098 722 1116 759; x_wconf 90' lang='lat' dir='ltr'>a</span> <span class='ocrx_word' id='word_1_13' title='bbox 1132 704 1272 786; x_wconf 86' lang='lat' dir='ltr'>Pompeio</span> <span class='ocrx_word' id='word_1_14' title='bbox 1291 710 1320 759; x_wconf 85' lang='lat' dir='ltr'>et</span> <span class='ocrx_word' id='word_1_15' title='bbox 1336 704 1435 760; x_wconf 82' lang='lat' dir='ltr'>Metello</span> <span class='ocrx_word' id='word_1_16' title='bbox 1468 723 1469 732; x_wconf 58' lang='lat'>¹</span> 
     </span>
     <span class='ocr_line' id='line_1_3' title="bbox 423 773 1435 897; baseline -0.007 -65"><span class='ocrx_word' id='word_1_17' title='bbox 423 778 555 832; x_wconf 86' lang='lat' dir='ltr'>adversus</span> <span class='ocrx_word' id='word_1_18' title='bbox 566 776 719 831; x_wconf 85' lang='lat' dir='ltr'>Sertorium</span> <span class='ocrx_word' id='word_1_19' title='bbox 728 780 853 845; x_wconf 87' lang='lat' dir='ltr'>[gestae,</span> <span class='ocrx_word' id='word_1_20' title='bbox 869 775 931 897; x_wconf 56' lang='lat' dir='ltr'>gui]</span> <span class='ocrx_word' id='word_1_21' title='bbox 946 774 1073 827; x_wconf 89' lang='lat' dir='ltr'>omnibus</span> <span class='ocrx_word' id='word_1_22' title='bbox 1082 773 1152 828; x_wconf 92' lang='lat' dir='ltr'>belli</span> <span class='ocrx_word' id='word_1_23' title='bbox 1160 773 1336 844; x_wconf 81' lang='lat' dir='ltr'>militiaeque</span> <span class='ocrx_word' id='word_1_24' title='bbox 1345 774 1435 828; x_wconf 88' lang='lat' dir='ltr'>artibus</span> 
     </span>
     <span class='ocr_line' id='line_1_4' title="bbox 421 842 1434 915; baseline -0.003 -16"><span class='ocrx_word' id='word_1_25' title='bbox 421 863 474 915; x_wconf 89' lang='lat' dir='ltr'>par</span> <span class='ocrx_word' id='word_1_26' title='bbox 482 846 536 899; x_wconf 82' lang='lat' dir='ltr'>fnit</span> <span class='ocrx_word' id='word_1_27' title='bbox 547 849 566 912; x_wconf 93' lang='lat'>[.</span> <span class='ocrx_word' id='word_1_28' title='bbox 578 886 584 898; x_wconf 94' lang='lat'>.</span> <span class='ocrx_word' id='word_1_29' title='bbox 596 850 617 911; x_wconf 91' lang='lat'>.]</span> <span class='ocrx_word' id='word_1_30' title='bbox 631 851 659 898; x_wconf 85' lang='lat' dir='ltr'>et</span> <span class='ocrx_word' id='word_1_31' title='bbox 669 845 705 898; x_wconf 90' lang='lat' dir='ltr'>ab</span> <span class='ocrx_word' id='word_1_32' title='bbox 715 843 859 897; x_wconf 81' lang='lat' dir='ltr'>obsidione</span> <span class='ocrx_word' id='word_1_33' title='bbox 894 843 1017 914; x_wconf 88' lang='lat' dir='ltr'>alaguris</span> <span class='ocrx_word' id='word_1_34' title='bbox 1027 842 1124 912; x_wconf 87' lang='lat' dir='ltr'>oppidi</span> <span class='ocrx_word' id='word_1_35' title='bbox 1133 842 1268 911; x_wconf 87' lang='lat' dir='ltr'>depulsos</span> <span class='ocrx_word' id='word_1_36' title='bbox 1278 843 1399 913; x_wconf 88' lang='lat' dir='ltr'>coegerit</span> <span class='ocrx_word' id='word_1_37' title='bbox 1405 843 1434 896; x_wconf 91' lang='lat' dir='ltr'>di·</span> 
     </span>
     <span class='ocr_line' id='line_1_5' title="bbox 421 910 1435 985; baseline -0.001 -19"><span class='ocrx_word' id='word_1_38' title='bbox 421 931 515 969; x_wconf 84' lang='lat' dir='ltr'>versas</span> <span class='ocrx_word' id='word_1_39' title='bbox 525 914 654 985; x_wconf 83' lang='lat' dir='ltr'>regiones</span> <span class='ocrx_word' id='word_1_40' title='bbox 662 917 767 983; x_wconf 88' lang='lat' dir='ltr'>petere,</span> <span class='ocrx_word' id='word_1_41' title='bbox 779 911 926 967; x_wconf 89' lang='lat' dir='ltr'>Metellum</span> <span class='ocrx_word' id='word_1_42' title='bbox 934 912 1096 966; x_wconf 85' lang='lat' dir='ltr'>ulteriorem</span> <span class='ocrx_word' id='word_1_43' title='bbox 1104 910 1282 982; x_wconf 84' lang='lat' dir='ltr'>Hispaniam,</span> <span class='ocrx_word' id='word_1_44' title='bbox 1288 911 1435 982; x_wconf 89' lang='lat' dir='ltr'>Pompeium</span> 
     </span>
    </p>
   </div>
   <div class='ocr_carea' id='block_1_3' title="bbox 422 982 1072 1093">
    <p class='ocr_par' dir='ltr' id='par_1_3' title="bbox 422 982 1072 1093">
     <span class='ocr_line' id='line_1_6' title="bbox 422 982 554 1038; baseline -0.008 -1"><span class='ocrx_word' id='word_1_45' title='bbox 422 982 554 1038; x_wconf 83' lang='lat' dir='ltr'>Galliam.</span> 
     </span>
     <span class='ocr_line' id='line_1_7' title="bbox 800 1051 1072 1093; baseline -0.007 0"><span class='ocrx_word' id='word_1_46' title='bbox 800 1053 840 1093; x_wconf 85' lang='lat' dir='ltr'>sx</span> <span class='ocrx_word' id='word_1_47' title='bbox 853 1052 910 1092; x_wconf 82' lang='lat' dir='ltr'>nra.</span> <span class='ocrx_word' id='word_1_48' title='bbox 924 1051 1072 1091; x_wconf 71' lang='lat' dir='ltr'>nnxxnu.</span> 
     </span>
    </p>
   </div>
   <div class='ocr_carea' id='block_1_4' title="bbox 420 1115 1469 2978">
    <p class='ocr_par' dir='ltr' id='par_1_4' title="bbox 420 1115 1435 1533">
     <span class='ocr_line' id='line_1_8' title="bbox 472 1115 1434 1188; baseline -0.002 -15"><span class='ocrx_word' id='word_1_49' title='bbox 472 1119 506 1173; x_wconf 91' lang='lat' dir='ltr'>L.</span> <span class='ocrx_word' id='word_1_50' title='bbox 520 1115 646 1173; x_wconf 87' lang='lat' dir='ltr'>Licinius</span> <span class='ocrx_word' id='word_1_51' title='bbox 660 1118 795 1173; x_wconf 80' lang='lat' dir='ltr'>Lucullus</span> <span class='ocrx_word' id='word_1_52' title='bbox 814 1118 912 1173; x_wconf 93' lang='lat' dir='ltr'>consul</span> <span class='ocrx_word' id='word_1_53' title='bbox 931 1118 1064 1171; x_wconf 85' lang='lat' dir='ltr'>adversus</span> <span class='ocrx_word' id='word_1_54' title='bbox 1078 1117 1264 1172; x_wconf 82' lang='lat' dir='ltr'>Mithridaten</span> <span class='ocrx_word' id='word_1_55' title='bbox 1277 1118 1434 1188; x_wconf 80' lang='lat' dir='ltr'>equestribus</span> 
     </span>
     <span class='ocr_line' id='line_1_9' title="bbox 420 1186 1435 1267; baseline -0.003 -24"><span class='ocrx_word' id='word_1_56' title='bbox 420 1188 534 1259; x_wconf 89' lang='lat' dir='ltr'>proeliis</span> <span class='ocrx_word' id='word_1_57' title='bbox 552 1188 673 1243; x_wconf 80' lang='lat' dir='ltr'>feliciter</span> <span class='ocrx_word' id='word_1_58' title='bbox 690 1188 827 1259; x_wconf 86' lang='lat' dir='ltr'>pugnavit</span> <span class='ocrx_word' id='word_1_59' title='bbox 845 1193 873 1241; x_wconf 89' lang='lat' dir='ltr'>et</span> <span class='ocrx_word' id='word_1_60' title='bbox 892 1186 929 1240; x_wconf 91' lang='lat' dir='ltr'>ali</span> <span class='ocrx_word' id='word_1_61' title='bbox 949 1192 999 1239; x_wconf 90' lang='lat' dir='ltr'>uot</span> <span class='ocrx_word' id='word_1_62' title='bbox 1016 1186 1207 1267; x_wconf 81' lang='lat' dir='ltr'>expeditiones</span> <span class='ocrx_word' id='word_1_63' title='bbox 1220 1204 1372 1257; x_wconf 84' lang='lat' dir='ltr'>prosperas</span> <span class='ocrx_word' id='word_1_64' title='bbox 1384 1188 1435 1243; x_wconf 83' lang='lat' dir='ltr'>lecit</span> 
     </span>
     <span class='ocr_line' id='line_1_10' title="bbox 421 1254 1433 1328; baseline -0.002 -17"><span class='ocrx_word' id='word_1_65' title='bbox 421 1263 622 1328; x_wconf 88' lang='lat' dir='ltr'>poscentesque</span> <span class='ocrx_word' id='word_1_66' title='bbox 630 1273 755 1327; x_wconf 87' lang='lat' dir='ltr'>pugnam</span> <span class='ocrx_word' id='word_1_67' title='bbox 765 1256 932 1310; x_wconf 89' lang='lat' dir='ltr'>militesase</span> <span class='ocrx_word' id='word_1_68' title='bbox 955 1255 1039 1310; x_wconf 88' lang='lat' dir='ltr'>&#39;tione</span> <span class='ocrx_word' id='word_1_69' title='bbox 1048 1255 1178 1308; x_wconf 81' lang='lat' dir='ltr'>inhibuit.</span> <span class='ocrx_word' id='word_1_70' title='bbox 1192 1254 1433 1312; x_wconf 83' lang='lat' dir='ltr'>DeiotarusGallo·</span> 
     </span>
     <span class='ocr_line' id='line_1_11' title="bbox 422 1322 1432 1404; baseline -0.002 -25"><span class='ocrx_word' id='word_1_71' title='bbox 422 1327 553 1397; x_wconf 83' lang='lat' dir='ltr'>graeciae</span> <span class='ocrx_word' id='word_1_72' title='bbox 566 1329 721 1379; x_wconf 81' lang='lat' dir='ltr'>tetrarches</span> <span class='ocrx_word' id='word_1_73' title='bbox 734 1325 892 1394; x_wconf 86' lang='lat' dir='ltr'>praefectos</span> <span class='ocrx_word' id='word_1_74' title='bbox 905 1322 1076 1378; x_wconf 88' lang='lat' dir='ltr'>Mithridatis</span> <span class='ocrx_word' id='word_1_75' title='bbox 1093 1324 1200 1379; x_wconf 86' lang='lat' dir='ltr'>bellum</span> <span class='ocrx_word' id='word_1_76' title='bbox 1208 1324 1240 1377; x_wconf 91' lang='lat' dir='ltr'>in</span> <span class='ocrx_word' id='word_1_77' title='bbox 1254 1323 1381 1404; x_wconf 76' lang='lat' dir='ltr'>Phrygia</span> <span class='ocrx_word' id='word_1_78' title='bbox 1392 1341 1432 1379; x_wconf 91' lang='lat' dir='ltr'>mo-</span> 
     </span>
     <span class='ocr_line' id='line_1_12' title="bbox 421 1392 1432 1463; baseline 0.001 -17"><span class='ocrx_word' id='word_1_79' title='bbox 421 1401 517 1449; x_wconf 88' lang='lat' dir='ltr'>ventes</span> <span class='ocrx_word' id='word_1_80' title='bbox 536 1394 644 1447; x_wconf 88' lang='lat' dir='ltr'>cecidit.</span> <span class='ocrx_word' id='word_1_81' title='bbox 680 1399 828 1462; x_wconf 88' lang='lat' dir='ltr'>praeterea</span> <span class='ocrx_word' id='word_1_82' title='bbox 847 1410 892 1447; x_wconf 89' lang='lat' dir='ltr'>res</span> <span class='ocrx_word' id='word_1_83' title='bbox 907 1409 923 1446; x_wconf 88' lang='lat' dir='ltr'>a</span> <span class='ocrx_word' id='word_1_84' title='bbox 937 1393 988 1447; x_wconf 91' lang='lat' dir='ltr'>Cn.</span> <span class='ocrx_word' id='word_1_85' title='bbox 1003 1392 1138 1463; x_wconf 89' lang='lat' dir='ltr'>Pompeio</span> <span class='ocrx_word' id='word_1_86' title='bbox 1152 1393 1183 1445; x_wconf 91' lang='lat' dir='ltr'>in</span> <span class='ocrx_word' id='word_1_87' title='bbox 1196 1392 1340 1463; x_wconf 88' lang='lat' dir='ltr'>Hispama</span> <span class='ocrx_word' id='word_1_88' title='bbox 1357 1400 1432 1449; x_wconf 83' lang='lat' dir='ltr'>contra</span> 
     </span>
     <span class='ocr_line' id='line_1_13' title="bbox 422 1461 962 1533; baseline -0.006 -15"><span class='ocrx_word' id='word_1_89' title='bbox 422 1462 573 1517; x_wconf 84' lang='lat' dir='ltr'>Sertorium</span> <span class='ocrx_word' id='word_1_90' title='bbox 582 1478 714 1532; x_wconf 84' lang='lat' dir='ltr'>prospere</span> <span class='ocrx_word' id='word_1_91' title='bbox 724 1468 819 1533; x_wconf 89' lang='lat' dir='ltr'>gestas</span> <span class='ocrx_word' id='word_1_92' title='bbox 829 1461 962 1515; x_wconf 89' lang='lat' dir='ltr'>continet.</span> 
     </span>
    </p>

    <p class='ocr_par' dir='ltr' id='par_1_5' title="bbox 459 1542 1060 1581">
     <span class='ocr_line' id='line_1_14' title="bbox 459 1542 1060 1581; baseline 0 -1"><span class='ocrx_word' id='word_1_93' title='bbox 459 1561 464 1568; x_wconf 84' lang='lat'><em>-</em></span> <span class='ocrx_word' id='word_1_94' title='bbox 811 1542 851 1581; x_wconf 83' lang='lat' dir='ltr'>nx</span> <span class='ocrx_word' id='word_1_95' title='bbox 863 1543 921 1581; x_wconf 81' lang='lat' dir='ltr'>nm.</span> <span class='ocrx_word' id='word_1_96' title='bbox 935 1542 1060 1581; x_wconf 81' lang='lat' dir='ltr'>Lxxxxv.</span> 
     </span>
    </p>

    <p class='ocr_par' dir='ltr' id='par_1_6' title="bbox 421 1598 1431 2151">
     <span class='ocr_line' id='line_1_15' title="bbox 473 1598 1431 1670; baseline -0.001 -15"><span class='ocrx_word' id='word_1_97' title='bbox 473 1599 504 1655; x_wconf 90' lang='lat' dir='ltr'>C.</span> <span class='ocrx_word' id='word_1_98' title='bbox 519 1600 602 1655; x_wconf 90' lang='lat' dir='ltr'>Curio</span> <span class='ocrx_word' id='word_1_99' title='bbox 616 1600 765 1670; x_wconf 89' lang='lat' dir='ltr'>proconsul</span> <span class='ocrx_word' id='word_1_100' title='bbox 778 1600 929 1653; x_wconf 87' lang='lat' dir='ltr'>Dardanos</span> <span class='ocrx_word' id='word_1_101' title='bbox 947 1600 977 1653; x_wconf 91' lang='lat' dir='ltr'>in</span> <span class='ocrx_word' id='word_1_102' title='bbox 991 1598 1115 1653; x_wconf 81' lang='lat' dir='ltr'>Thracia</span> <span class='ocrx_word' id='word_1_103' title='bbox 1132 1598 1250 1653; x_wconf 87' lang='lat' dir='ltr'>domuit.</span> <span class='ocrx_word' id='word_1_104' title='bbox 1278 1603 1431 1670; x_wconf 85' lang='lat' dir='ltr'>quattuoret</span> 
     </span>
     <span class='ocr_line' id='line_1_16' title="bbox 422 1667 1431 1741; baseline 0.002 -20"><span class='ocrx_word' id='word_1_105' title='bbox 422 1670 603 1740; x_wconf 84' lang='lat' dir='ltr'>septuaginta</span> <span class='ocrx_word' id='word_1_106' title='bbox 621 1670 793 1741; x_wconf 82' lang='lat' dir='ltr'>gladiatores</span> <span class='ocrx_word' id='word_1_107' title='bbox 807 1669 922 1739; x_wconf 86' lang='lat' dir='ltr'>Capuae</span> <span class='ocrx_word' id='word_1_108' title='bbox 940 1685 974 1723; x_wconf 87' lang='lat' dir='ltr'>ex</span> <span class='ocrx_word' id='word_1_109' title='bbox 991 1668 1058 1722; x_wconf 89' lang='lat' dir='ltr'>ludo</span> <span class='ocrx_word' id='word_1_110' title='bbox 1072 1667 1189 1721; x_wconf 88' lang='lat' dir='ltr'>Lentuli</span> <span class='ocrx_word' id='word_1_111' title='bbox 1205 1668 1398 1741; x_wconf 77' lang='lat' dir='ltr'>profugerint,</span> <span class='ocrx_word' id='word_1_112' title='bbox 1412 1675 1431 1723; x_wconf 80' lang='lat' dir='ltr'>et</span> 
     </span>
     <span class='ocr_line' id='line_1_17' title="bbox 422 1736 1430 1857; baseline 0.001 -66"><span class='ocrx_word' id='word_1_113' title='bbox 422 1744 594 1810; x_wconf 86' lang='lat' dir='ltr'>congregata</span> <span class='ocrx_word' id='word_1_114' title='bbox 618 1738 793 1792; x_wconf 82' lang='lat' dir='ltr'>servitiorum</span> <span class='ocrx_word' id='word_1_115' title='bbox 815 1737 1075 1857; x_wconf 59' lang='lat' dir='ltr'>ergastulorumque</span> <span class='ocrx_word' id='word_1_116' title='bbox 1097 1736 1278 1792; x_wconf 86' lang='lat' dir='ltr'>multitudine</span> <span class='ocrx_word' id='word_1_117' title='bbox 1322 1737 1430 1792; x_wconf 84' lang='lat' dir='ltr'>Criroet</span> 
     </span>
     <span class='ocr_line' id='line_1_18' title="bbox 423 1776 1430 1882; baseline 0 -23"><span class='ocrx_word' id='word_1_118' title='bbox 423 1807 559 1882; x_wconf 63' lang='lat' dir='ltr'>Spartaco</span> <span class='ocrx_word' id='word_1_119' title='bbox 578 1807 696 1861; x_wconf 90' lang='lat' dir='ltr'>ducibus</span> <span class='ocrx_word' id='word_1_120' title='bbox 714 1806 789 1861; x_wconf 90' lang='lat' dir='ltr'>bello</span> <span class='ocrx_word' id='word_1_121' title='bbox 800 1810 934 1873; x_wconf 87' lang='lat' dir='ltr'>excitato,</span> <span class='ocrx_word' id='word_1_122' title='bbox 950 1805 1023 1859; x_wconf 90' lang='lat' dir='ltr'>Clau</span> <span class='ocrx_word' id='word_1_123' title='bbox 1042 1822 1100 1858; x_wconf 86' lang='lat' dir='ltr'>rum</span> <span class='ocrx_word' id='word_1_124' title='bbox 1116 1804 1272 1859; x_wconf 90' lang='lat' dir='ltr'>Pulchrum</span> <span class='ocrx_word' id='word_1_125' title='bbox 1284 1776 1430 1878; x_wconf 80' lang='lat' dir='ltr'>legatuna</span> 
     </span>
     <span class='ocr_line' id='line_1_19' title="bbox 421 1873 1429 1955; baseline 0 -27"><span class='ocrx_word' id='word_1_126' title='bbox 421 1876 455 1928; x_wconf 93' lang='lat' dir='ltr'>P.</span> <span class='ocrx_word' id='word_1_127' title='bbox 465 1875 607 1929; x_wconf 86' lang='lat' dir='ltr'>Varenum</span> <span class='ocrx_word' id='word_1_128' title='bbox 620 1880 778 1945; x_wconf 89' lang='lat' dir='ltr'>praetorem</span> <span class='ocrx_word' id='word_1_129' title='bbox 790 1875 898 1944; x_wconf 90' lang='lat' dir='ltr'>proelio</span> <span class='ocrx_word' id='word_1_130' title='bbox 907 1874 1041 1955; x_wconf 61' lang='lat' dir='ltr'>rigarunt.</span> <span class='ocrx_word' id='word_1_131' title='bbox 1064 1873 1099 1927; x_wconf 91' lang='lat' dir='ltr'>L.</span> <span class='ocrx_word' id='word_1_132' title='bbox 1109 1873 1247 1930; x_wconf 83' lang='lat' dir='ltr'>Lucullus</span> <span class='ocrx_word' id='word_1_133' title='bbox 1256 1873 1429 1944; x_wconf 75' lang='lat' dir='ltr'>proconsular</span> 
     </span>
     <span class='ocr_line' id='line_1_20' title="bbox 421 1941 1428 2013; baseline 0.002 -16"><span class='ocrx_word' id='word_1_134' title='bbox 421 1943 555 2013; x_wconf 76' lang='lat' dir='ltr'>Cyzicum</span> <span class='ocrx_word' id='word_1_135' title='bbox 568 1944 666 1997; x_wconf 90' lang='lat' dir='ltr'>urbem</span> <span class='ocrx_word' id='word_1_136' title='bbox 679 1944 830 1997; x_wconf 86' lang='lat' dir='ltr'>exercitum</span> <span class='ocrx_word' id='word_1_137' title='bbox 843 1942 1013 1996; x_wconf 86' lang='lat' dir='ltr'>Mithrrdatis</span> <span class='ocrx_word' id='word_1_138' title='bbox 1026 1942 1102 1997; x_wconf 86' lang='lat' dir='ltr'>fame</span> <span class='ocrx_word' id='word_1_139' title='bbox 1116 1943 1249 2012; x_wconf 86' lang='lat' dir='ltr'>ferroque</span> <span class='ocrx_word' id='word_1_140' title='bbox 1260 1944 1374 2013; x_wconf 85' lang='lat' dir='ltr'>delevit,</span> <span class='ocrx_word' id='word_1_141' title='bbox 1386 1941 1428 2013; x_wconf 79' lang='lat' dir='ltr'>pul·</span> 
     </span>
     <span class='ocr_line' id='line_1_21' title="bbox 422 2010 1428 2083; baseline 0.002 -20"><span class='ocrx_word' id='word_1_142' title='bbox 422 2028 537 2080; x_wconf 92' lang='lat' dir='ltr'>sumque</span> <span class='ocrx_word' id='word_1_143' title='bbox 546 2012 681 2082; x_wconf 85' lang='lat' dir='ltr'>Bithynia</span> <span class='ocrx_word' id='word_1_144' title='bbox 693 2030 801 2083; x_wconf 85' lang='lat' dir='ltr'>regem,</span> <span class='ocrx_word' id='word_1_145' title='bbox 816 2012 901 2066; x_wconf 86' lang='lat' dir='ltr'>variis</span> <span class='ocrx_word' id='word_1_146' title='bbox 916 2011 985 2066; x_wconf 91' lang='lat' dir='ltr'>belli</span> <span class='ocrx_word' id='word_1_147' title='bbox 999 2027 1033 2066; x_wconf 90' lang='lat' dir='ltr'>ac</span> <span class='ocrx_word' id='word_1_148' title='bbox 1044 2010 1260 2082; x_wconf 81' lang='lat' dir='ltr'>naufragiorum</span> <span class='ocrx_word' id='word_1_149' title='bbox 1272 2013 1379 2067; x_wconf 82' lang='lat' dir='ltr'>casibus</span> <span class='ocrx_word' id='word_1_150' title='bbox 1389 2011 1428 2065; x_wconf 82' lang='lat' dir='ltr'>lra-</span> 
     </span>
     <span class='ocr_line' id='line_1_22' title="bbox 423 2080 946 2151; baseline 0.002 -19"><span class='ocrx_word' id='word_1_151' title='bbox 423 2085 505 2149; x_wconf 84' lang='lat' dir='ltr'>ctum‚</span> <span class='ocrx_word' id='word_1_152' title='bbox 517 2081 610 2151; x_wconf 82' lang='lat' dir='ltr'>coegit</span> <span class='ocrx_word' id='word_1_153' title='bbox 618 2081 647 2134; x_wconf 91' lang='lat' dir='ltr'>in</span> <span class='ocrx_word' id='word_1_154' title='bbox 656 2080 778 2134; x_wconf 88' lang='lat' dir='ltr'>Pontum</span> <span class='ocrx_word' id='word_1_155' title='bbox 786 2080 946 2151; x_wconf 85' lang='lat' dir='ltr'>profugere.</span> 
     </span>
    </p>

    <p class='ocr_par' dir='ltr' id='par_1_7' title="bbox 808 2160 1063 2201">
     <span class='ocr_line' id='line_1_23' title="bbox 808 2160 1063 2201; baseline 0 -1"><span class='ocrx_word' id='word_1_156' title='bbox 808 2162 848 2200; x_wconf 83' lang='lat' dir='ltr'>nx</span> <span class='ocrx_word' id='word_1_157' title='bbox 861 2162 918 2201; x_wconf 78' lang='lat' dir='ltr'>arn.</span> <span class='ocrx_word' id='word_1_158' title='bbox 928 2160 1063 2201; x_wconf 72' lang='lat' dir='ltr'>cxxxxvr.</span> 
     </span>
    </p>

    <p class='ocr_par' dir='ltr' id='par_1_8' title="bbox 420 2216 1469 2978">
     <span class='ocr_line' id='line_1_24' title="bbox 473 2216 1425 2291; baseline 0.003 -21"><span class='ocrx_word' id='word_1_159' title='bbox 473 2216 507 2281; x_wconf 81' lang='lat' dir='ltr'>Q.</span> <span class='ocrx_word' id='word_1_160' title='bbox 517 2217 615 2272; x_wconf 82' lang='lat' dir='ltr'>Arrius</span> <span class='ocrx_word' id='word_1_161' title='bbox 629 2222 743 2289; x_wconf 86' lang='lat' dir='ltr'>praetor</span> <span class='ocrx_word' id='word_1_162' title='bbox 751 2217 865 2273; x_wconf 78' lang='lat' dir='ltr'>Crixum</span> <span class='ocrx_word' id='word_1_163' title='bbox 878 2218 1059 2289; x_wconf 84' lang='lat' dir='ltr'>fugitivorum</span> <span class='ocrx_word' id='word_1_164' title='bbox 1073 2217 1174 2273; x_wconf 86' lang='lat' dir='ltr'>ducem</span> <span class='ocrx_word' id='word_1_165' title='bbox 1187 2235 1254 2273; x_wconf 93' lang='lat' dir='ltr'>cum</span> <span class='ocrx_word' id='word_1_166' title='bbox 1266 2216 1425 2291; x_wconf 76' lang='lat' dir='ltr'>vigintimil·</span> 
     </span>
     <span class='ocr_line' id='line_1_25' title="bbox 421 2286 1426 2359; baseline 0.004 -20"><span class='ocrx_word' id='word_1_167' title='bbox 421 2286 474 2340; x_wconf 87' lang='lat' dir='ltr'>bus</span> <span class='ocrx_word' id='word_1_168' title='bbox 487 2288 630 2341; x_wconf 91' lang='lat' dir='ltr'>hominum</span> <span class='ocrx_word' id='word_1_169' title='bbox 643 2288 752 2341; x_wconf 90' lang='lat' dir='ltr'>cecidit.</span> <span class='ocrx_word' id='word_1_170' title='bbox 780 2287 830 2342; x_wconf 89' lang='lat' dir='ltr'>Cn.</span> <span class='ocrx_word' id='word_1_171' title='bbox 841 2286 979 2342; x_wconf 89' lang='lat' dir='ltr'>Lentulus</span> <span class='ocrx_word' id='word_1_172' title='bbox 994 2287 1090 2341; x_wconf 88' lang='lat' dir='ltr'>consul</span> <span class='ocrx_word' id='word_1_173' title='bbox 1103 2287 1177 2341; x_wconf 88' lang='lat' dir='ltr'>male</span> <span class='ocrx_word' id='word_1_174' title='bbox 1192 2288 1328 2343; x_wconf 85' lang='lat' dir='ltr'>adversus</span> <span class='ocrx_word' id='word_1_175' title='bbox 1338 2287 1426 2359; x_wconf 74' lang='lat' dir='ltr'>spara</span> 
     </span>
     <span class='ocr_line' id='line_1_26' title="bbox 421 2354 1426 2437; baseline 0.003 -29"><span class='ocrx_word' id='word_1_176' title='bbox 421 2373 484 2409; x_wconf 91' lang='lat' dir='ltr'>cnm</span> <span class='ocrx_word' id='word_1_177' title='bbox 493 2357 636 2427; x_wconf 87' lang='lat' dir='ltr'>pugnavit.</span> <span class='ocrx_word' id='word_1_178' title='bbox 654 2356 690 2409; x_wconf 93' lang='lat' dir='ltr'>ab</span> <span class='ocrx_word' id='word_1_179' title='bbox 700 2356 799 2410; x_wconf 91' lang='lat' dir='ltr'>eodem</span> <span class='ocrx_word' id='word_1_180' title='bbox 807 2355 841 2408; x_wconf 92' lang='lat' dir='ltr'>L.</span> <span class='ocrx_word' id='word_1_181' title='bbox 853 2355 963 2410; x_wconf 81' lang='lat' dir='ltr'>Gellius</span> <span class='ocrx_word' id='word_1_182' title='bbox 973 2356 1071 2415; x_wconf 88' lang='lat' dir='ltr'>consul</span> <span class='ocrx_word' id='word_1_183' title='bbox 1080 2361 1109 2409; x_wconf 89' lang='lat' dir='ltr'>et</span> <span class='ocrx_word' id='word_1_184' title='bbox 1118 2354 1152 2419; x_wconf 81' lang='lat' dir='ltr'>Q.</span> <span class='ocrx_word' id='word_1_185' title='bbox 1158 2356 1260 2410; x_wconf 85' lang='lat' dir='ltr'>Arrius</span> <span class='ocrx_word' id='word_1_186' title='bbox 1268 2355 1426 2437; x_wconf 71' lang='lat' dir='ltr'>praetermis</span> 
     </span>
     <span class='ocr_line' id='line_1_27' title="bbox 420 2423 1425 2494; baseline 0.002 -17"><span class='ocrx_word' id='word_1_187' title='bbox 420 2424 487 2479; x_wconf 82' lang='lat' dir='ltr'>victi</span> <span class='ocrx_word' id='word_1_188' title='bbox 498 2431 569 2478; x_wconf 90' lang='lat' dir='ltr'>sunt.</span> <span class='ocrx_word' id='word_1_189' title='bbox 590 2424 727 2480; x_wconf 85' lang='lat' dir='ltr'>Sertorius</span> <span class='ocrx_word' id='word_1_190' title='bbox 738 2423 802 2478; x_wconf 89' lang='lat' dir='ltr'>aM.</span> <span class='ocrx_word' id='word_1_191' title='bbox 812 2424 957 2494; x_wconf 88' lang='lat' dir='ltr'>Perperna</span> <span class='ocrx_word' id='word_1_192' title='bbox 966 2429 995 2479; x_wconf 89' lang='lat' dir='ltr'>et</span> <span class='ocrx_word' id='word_1_193' title='bbox 1002 2423 1178 2478; x_wconf 85' lang='lat' dir='ltr'>M‘.Antonio</span> <span class='ocrx_word' id='word_1_194' title='bbox 1188 2432 1218 2480; x_wconf 89' lang='lat' dir='ltr'>et</span> <span class='ocrx_word' id='word_1_195' title='bbox 1227 2426 1292 2480; x_wconf 81' lang='lat' dir='ltr'>aliis</span> <span class='ocrx_word' id='word_1_196' title='bbox 1301 2423 1425 2481; x_wconf 72' lang='lat' dir='ltr'>coniurata</span> 
     </span>
     <span class='ocr_line' id='line_1_28' title="bbox 420 2493 1425 2568; baseline -0.001 -21"><span class='ocrx_word' id='word_1_197' title='bbox 420 2494 450 2547; x_wconf 88' lang='lat' dir='ltr'>in</span> <span class='ocrx_word' id='word_1_198' title='bbox 460 2494 585 2547; x_wconf 69' lang='lat' dir='ltr'>convivio</span> <span class='ocrx_word' id='word_1_199' title='bbox 599 2493 762 2549; x_wconf 82' lang='lat' dir='ltr'>interfectus</span> <span class='ocrx_word' id='word_1_200' title='bbox 773 2499 823 2562; x_wconf 90' lang='lat' dir='ltr'>est,</span> <span class='ocrx_word' id='word_1_201' title='bbox 839 2499 939 2547; x_wconf 85' lang='lat' dir='ltr'>octavo</span> <span class='ocrx_word' id='word_1_202' title='bbox 948 2494 1066 2546; x_wconf 86' lang='lat' dir='ltr'>ducatus</span> <span class='ocrx_word' id='word_1_203' title='bbox 1076 2493 1118 2546; x_wconf 92' lang='lat' dir='ltr'>sui</span> <span class='ocrx_word' id='word_1_204' title='bbox 1129 2510 1212 2564; x_wconf 83' lang='lat' dir='ltr'>anno,</span> <span class='ocrx_word' id='word_1_205' title='bbox 1228 2496 1425 2568; x_wconf 83' lang='lat' dir='ltr'>magnusdnrel</span> 
     </span>
     <span class='ocr_line' id='line_1_29' title="bbox 421 2561 1424 2633; baseline 0.001 -18"><span class='ocrx_word' id='word_1_206' title='bbox 421 2563 553 2616; x_wconf 86' lang='lat' dir='ltr'>adversus</span> <span class='ocrx_word' id='word_1_207' title='bbox 563 2563 633 2616; x_wconf 90' lang='lat' dir='ltr'>duos</span> <span class='ocrx_word' id='word_1_208' title='bbox 642 2564 832 2633; x_wconf 87' lang='lat' dir='ltr'>imperatores,</span> <span class='ocrx_word' id='word_1_209' title='bbox 842 2561 1007 2631; x_wconf 89' lang='lat' dir='ltr'>Pompeium</span> <span class='ocrx_word' id='word_1_210' title='bbox 1016 2561 1207 2632; x_wconf 78' lang='lat' dir='ltr'>etMetellum,</span> <span class='ocrx_word' id='word_1_211' title='bbox 1222 2564 1269 2619; x_wconf 85' lang='lat' dir='ltr'>vel</span> <span class='ocrx_word' id='word_1_212' title='bbox 1278 2562 1424 2633; x_wconf 77' lang='lat' dir='ltr'>frequentis·</span> 
     </span>
     <span class='ocr_line' id='line_1_30' title="bbox 420 2628 1469 2703; baseline -0.001 -19"><span class='ocrx_word' id='word_1_213' title='bbox 420 2631 520 2700; x_wconf 61' lang='lat' dir='ltr'>lictor,</span> <span class='ocrx_word' id='word_1_214' title='bbox 540 2632 577 2684; x_wconf 91' lang='lat' dir='ltr'>ad</span> <span class='ocrx_word' id='word_1_215' title='bbox 595 2632 723 2685; x_wconf 89' lang='lat' dir='ltr'>ultimum</span> <span class='ocrx_word' id='word_1_216' title='bbox 741 2635 769 2685; x_wconf 89' lang='lat' dir='ltr'>et</span> <span class='ocrx_word' id='word_1_217' title='bbox 787 2647 886 2684; x_wconf 84' lang='lat' dir='ltr'>saevus</span> <span class='ocrx_word' id='word_1_218' title='bbox 901 2636 930 2684; x_wconf 88' lang='lat' dir='ltr'>et</span> <span class='ocrx_word' id='word_1_219' title='bbox 947 2630 1090 2701; x_wconf 89' lang='lat' dir='ltr'>prodigus.</span> <span class='ocrx_word' id='word_1_220' title='bbox 1116 2631 1267 2700; x_wconf 90' lang='lat' dir='ltr'>imperium</span> <span class='ocrx_word' id='word_1_221' title='bbox 1280 2628 1424 2703; x_wconf 81' lang='lat' dir='ltr'>partinnrd</span> <span class='ocrx_word' id='word_1_222' title='bbox 1468 2671 1469 2700; x_wconf 62' lang='lat'>3</span> 
     </span>
     <span class='ocr_line' id='line_1_31' title="bbox 420 2698 1423 2772; baseline 0.002 -19"><span class='ocrx_word' id='word_1_223' title='bbox 420 2700 547 2753; x_wconf 89' lang='lat' dir='ltr'>Marcum</span> <span class='ocrx_word' id='word_1_224' title='bbox 560 2701 739 2768; x_wconf 85' lang='lat' dir='ltr'>translatum,</span> <span class='ocrx_word' id='word_1_225' title='bbox 756 2716 839 2770; x_wconf 89' lang='lat' dir='ltr'>quem</span> <span class='ocrx_word' id='word_1_226' title='bbox 848 2699 899 2753; x_wconf 91' lang='lat' dir='ltr'>Cn.</span> <span class='ocrx_word' id='word_1_227' title='bbox 908 2698 1059 2770; x_wconf 88' lang='lat' dir='ltr'>Pompeius</span> <span class='ocrx_word' id='word_1_228' title='bbox 1072 2699 1176 2754; x_wconf 83' lang='lat' dir='ltr'>victum</span> <span class='ocrx_word' id='word_1_229' title='bbox 1186 2702 1423 2772; x_wconf 74' lang='lat' dir='ltr'>captumquelnttr</span> 
     </span>
     <span class='ocr_line' id='line_1_32' title="bbox 420 2767 1469 2842; baseline 0.002 -23"><span class='ocrx_word' id='word_1_230' title='bbox 420 2767 501 2835; x_wconf 85' lang='lat' dir='ltr'>fecit,</span> <span class='ocrx_word' id='word_1_231' title='bbox 521 2784 554 2821; x_wconf 90' lang='lat' dir='ltr'>ac</span> <span class='ocrx_word' id='word_1_232' title='bbox 571 2769 680 2837; x_wconf 89' lang='lat' dir='ltr'>recepit</span> <span class='ocrx_word' id='word_1_233' title='bbox 696 2768 850 2838; x_wconf 87' lang='lat' dir='ltr'>Hispanias</span> <span class='ocrx_word' id='word_1_234' title='bbox 869 2767 978 2822; x_wconf 92' lang='lat' dir='ltr'>decimo</span> <span class='ocrx_word' id='word_1_235' title='bbox 995 2767 1054 2823; x_wconf 85' lang='lat' dir='ltr'>fere</span> <span class='ocrx_word' id='word_1_236' title='bbox 1073 2783 1147 2822; x_wconf 89' lang='lat' dir='ltr'>anno</span> <span class='ocrx_word' id='word_1_237' title='bbox 1164 2785 1253 2839; x_wconf 88' lang='lat' dir='ltr'>quam</span> <span class='ocrx_word' id='word_1_238' title='bbox 1266 2777 1387 2842; x_wconf 89' lang='lat' dir='ltr'>coeptum</span> <span class='ocrx_word' id='word_1_239' title='bbox 1395 2769 1423 2821; x_wconf 81' lang='lat' dir='ltr'>ast</span> <span class='ocrx_word' id='word_1_240' title='bbox 1468 2831 1469 2838; x_wconf 8' lang='grc' dir='ltr'>ἵ</span> 
     </span>
     <span class='ocr_line' id='line_1_33' title="bbox 420 2834 1421 2907; baseline 0.004 -19"><span class='ocrx_word' id='word_1_241' title='bbox 420 2834 534 2889; x_wconf 91' lang='lat' dir='ltr'>bellum.</span> <span class='ocrx_word' id='word_1_242' title='bbox 557 2835 588 2889; x_wconf 89' lang='lat' dir='ltr'>C.</span> <span class='ocrx_word' id='word_1_243' title='bbox 598 2835 710 2889; x_wconf 86' lang='lat' dir='ltr'>Cassius</span> <span class='ocrx_word' id='word_1_244' title='bbox 721 2836 870 2905; x_wconf 87' lang='lat' dir='ltr'>proconsul</span> <span class='ocrx_word' id='word_1_245' title='bbox 879 2842 908 2892; x_wconf 91' lang='lat' dir='ltr'>et</span> <span class='ocrx_word' id='word_1_246' title='bbox 917 2835 968 2891; x_wconf 91' lang='lat' dir='ltr'>Cn.</span> <span class='ocrx_word' id='word_1_247' title='bbox 977 2836 1100 2891; x_wconf 92' lang='lat' dir='ltr'>Manlius</span> <span class='ocrx_word' id='word_1_248' title='bbox 1108 2843 1224 2907; x_wconf 88' lang='lat' dir='ltr'>praetor</span> <span class='ocrx_word' id='word_1_249' title='bbox 1232 2840 1308 2895; x_wconf 87' lang='lat' dir='ltr'>male</span> <span class='ocrx_word' id='word_1_250' title='bbox 1319 2840 1421 2894; x_wconf 71' lang='lat' dir='ltr'>adress</span> 
     </span>
     <span class='ocr_line' id='line_1_34' title="bbox 421 2902 1421 2978; baseline 0.007 -22"><span class='ocrx_word' id='word_1_251' title='bbox 421 2902 587 2972; x_wconf 84' lang='lat' dir='ltr'>Spartacum</span> <span class='ocrx_word' id='word_1_252' title='bbox 601 2910 808 2975; x_wconf 87' lang='lat' dir='ltr'>pugnaverunt,</span> <span class='ocrx_word' id='word_1_253' title='bbox 824 2904 909 2975; x_wconf 89' lang='lat' dir='ltr'>idque</span> <span class='ocrx_word' id='word_1_254' title='bbox 923 2905 1029 2960; x_wconf 90' lang='lat' dir='ltr'>bellum</span> <span class='ocrx_word' id='word_1_255' title='bbox 1038 2905 1076 2959; x_wconf 89' lang='grc' dir='ltr'>Μ.</span> <span class='ocrx_word' id='word_1_256' title='bbox 1086 2905 1188 2962; x_wconf 87' lang='lat' dir='ltr'>Crasso</span> <span class='ocrx_word' id='word_1_257' title='bbox 1200 2909 1328 2978; x_wconf 87' lang='lat' dir='ltr'>praetori</span> <span class='ocrx_word' id='word_1_258' title='bbox 1335 2904 1421 2963; x_wconf 64' lang='lat' dir='ltr'>mand*</span> 
     </span>
    </p>
   </div>
   <div class='ocr_carea' id='block_1_5' title="bbox 308 2975 540 3026">
    <p class='ocr_par' dir='ltr' id='par_1_9' title="bbox 308 2975 540 3026">
     <span class='ocr_line' id='line_1_35' title="bbox 308 2975 540 3026; baseline 0.009 -3"><span class='ocrx_word' id='word_1_259' title='bbox 308 3001 310 3005; x_wconf 94' lang='lat'>·</span> <span class='ocrx_word' id='word_1_260' title='bbox 420 2975 540 3026; x_wconf 85' lang='lat' dir='ltr'>tumest.</span> 
     </span>
    </p>
   </div>
   <div class='ocr_carea' id='block_1_6' title="bbox 801 3045 1071 3086">
    <p class='ocr_par' dir='ltr' id='par_1_10' title="bbox 801 3045 1071 3086">
     <span class='ocr_line' id='line_1_36' title="bbox 801 3045 1071 3086; baseline 0.004 -1"><span class='ocrx_word' id='word_1_261' title='bbox 801 3045 841 3085; x_wconf 77' lang='lat' dir='ltr'>EX</span> <span class='ocrx_word' id='word_1_262' title='bbox 854 3046 911 3086; x_wconf 88' lang='lat' dir='ltr'>LIB.</span> <span class='ocrx_word' id='word_1_263' title='bbox 925 3045 1071 3086; x_wconf 70' lang='lat' dir='ltr'>amm</span> 
     </span>
    </p>
   </div>
   <div class='ocr_carea' id='block_1_7' title="bbox 393 3108 1470 3936">
    <p class='ocr_par' dir='ltr' id='par_1_11' title="bbox 393 3108 1470 3936">
     <span class='ocr_line' id='line_1_37' title="bbox 470 3108 1469 3186; baseline 0.008 -23"><span class='ocrx_word' id='word_1_264' title='bbox 470 3109 509 3163; x_wconf 85' lang='grc' dir='ltr'>Μ,</span> <span class='ocrx_word' id='word_1_265' title='bbox 529 3108 645 3165; x_wconf 89' lang='lat' dir='ltr'>Crassus</span> <span class='ocrx_word' id='word_1_266' title='bbox 662 3116 776 3180; x_wconf 89' lang='lat' dir='ltr'>praetor</span> <span class='ocrx_word' id='word_1_267' title='bbox 792 3110 914 3180; x_wconf 89' lang='lat' dir='ltr'>primum</span> <span class='ocrx_word' id='word_1_268' title='bbox 932 3128 995 3166; x_wconf 86' lang='lat' dir='ltr'>cum</span> <span class='ocrx_word' id='word_1_269' title='bbox 1012 3116 1092 3181; x_wconf 88' lang='lat' dir='ltr'>parte</span> <span class='ocrx_word' id='word_1_270' title='bbox 1110 3111 1309 3184; x_wconf 85' lang='lat' dir='ltr'>fugitivorum,</span> <span class='ocrx_word' id='word_1_271' title='bbox 1400 3123 1421 3165; x_wconf 62' lang='lat' dir='ltr'>a</span> <span class='ocrx_word' id='word_1_272' title='bbox 1466 3125 1469 3186; x_wconf 65' lang='lat' dir='ltr'>j</span> 
     </span>
     <span class='ocr_line' id='line_1_38' title="bbox 420 3177 1469 3251; baseline 0.007 -18"><span class='ocrx_word' id='word_1_273' title='bbox 420 3177 511 3233; x_wconf 81' lang='lat' dir='ltr'>Callis</span> <span class='ocrx_word' id='word_1_274' title='bbox 528 3179 731 3249; x_wconf 82' lang='lat' dir='ltr'>Gennanisque</span> <span class='ocrx_word' id='word_1_275' title='bbox 746 3180 906 3248; x_wconf 82' lang='lat' dir='ltr'>constabat,</span> <span class='ocrx_word' id='word_1_276' title='bbox 921 3180 1042 3235; x_wconf 81' lang='lat' dir='ltr'>feliciter</span> <span class='ocrx_word' id='word_1_277' title='bbox 1054 3198 1092 3250; x_wconf 91' lang='lat' dir='ltr'>pu</span> <span class='ocrx_word' id='word_1_278' title='bbox 1134 3182 1206 3251; x_wconf 84' lang='lat' dir='ltr'>avit,</span> <span class='ocrx_word' id='word_1_279' title='bbox 1226 3185 1318 3239; x_wconf 85' lang='lat' dir='ltr'>caesis</span> <span class='ocrx_word' id='word_1_280' title='bbox 1348 3182 1420 3238; x_wconf 69' lang='lat' dir='ltr'>ostiu!</span> <span class='ocrx_word' id='word_1_281' title='bbox 1465 3237 1469 3248; x_wconf 88' lang='grc'>,</span> 
     </span>
     <span class='ocr_line' id='line_1_39' title="bbox 418 3247 1469 3319; baseline 0.005 -19"><span class='ocrx_word' id='word_1_282' title='bbox 418 3248 535 3319; x_wconf 86' lang='lat' dir='ltr'>triginta</span> <span class='ocrx_word' id='word_1_283' title='bbox 550 3248 671 3317; x_wconf 89' lang='lat' dir='ltr'>quinque</span> <span class='ocrx_word' id='word_1_284' title='bbox 686 3247 798 3302; x_wconf 88' lang='lat' dir='ltr'>milibus</span> <span class='ocrx_word' id='word_1_285' title='bbox 812 3252 840 3301; x_wconf 85' lang='lat' dir='ltr'>et</span> <span class='ocrx_word' id='word_1_286' title='bbox 855 3247 973 3302; x_wconf 90' lang='lat' dir='ltr'>ducibus</span> <span class='ocrx_word' id='word_1_287' title='bbox 981 3265 1077 3304; x_wconf 88' lang='lat' dir='ltr'>corum</span> <span class='ocrx_word' id='word_1_288' title='bbox 1111 3255 1172 3304; x_wconf 87' lang='lat' dir='ltr'>asto</span> <span class='ocrx_word' id='word_1_289' title='bbox 1181 3256 1212 3305; x_wconf 89' lang='lat' dir='ltr'>et</span> <span class='ocrx_word' id='word_1_290' title='bbox 1221 3250 1358 3307; x_wconf 84' lang='lat' dir='ltr'>Gannico.</span> <span class='ocrx_word' id='word_1_291' title='bbox 1379 3261 1421 3305; x_wconf 76' lang='lat' dir='ltr'>run</span> <span class='ocrx_word' id='word_1_292' title='bbox 1462 3261 1469 3270; x_wconf 88' lang='lat'>·</span> 
     </span>
     <span class='ocr_line' id='line_1_40' title="bbox 420 3312 1469 3391; baseline 0.007 -22"><span class='ocrx_word' id='word_1_293' title='bbox 420 3315 554 3384; x_wconf 85' lang='lat' dir='ltr'>Spartaco</span> <span class='ocrx_word' id='word_1_294' title='bbox 569 3317 671 3371; x_wconf 89' lang='lat' dir='ltr'>deinde</span> <span class='ocrx_word' id='word_1_295' title='bbox 682 3315 848 3386; x_wconf 84' lang='lat' dir='ltr'>debellavit,</span> <span class='ocrx_word' id='word_1_296' title='bbox 863 3317 952 3371; x_wconf 89' lang='lat' dir='ltr'>caesis</span> <span class='ocrx_word' id='word_1_297' title='bbox 962 3318 1095 3387; x_wconf 81' lang='lat' dir='ltr'>cumipse</span> <span class='ocrx_word' id='word_1_298' title='bbox 1105 3319 1257 3391; x_wconf 84' lang='lat' dir='ltr'>sexaginta</span> <span class='ocrx_word' id='word_1_299' title='bbox 1265 3322 1378 3377; x_wconf 79' lang='lat' dir='ltr'>milibus.</span> <span class='ocrx_word' id='word_1_300' title='bbox 1396 3312 1421 3369; x_wconf 71' lang='lat' dir='ltr'>ll</span> <span class='ocrx_word' id='word_1_301' title='bbox 1467 3329 1469 3336; x_wconf 89' lang='grc'><strong>’</strong></span> 
     </span>
     <span class='ocr_line' id='line_1_41' title="bbox 418 3384 1469 3461; baseline 0.009 -25"><span class='ocrx_word' id='word_1_302' title='bbox 418 3384 556 3437; x_wconf 88' lang='lat' dir='ltr'>Antonius</span> <span class='ocrx_word' id='word_1_303' title='bbox 583 3392 697 3454; x_wconf 89' lang='lat' dir='ltr'>praetor</span> <span class='ocrx_word' id='word_1_304' title='bbox 722 3386 829 3440; x_wconf 91' lang='lat' dir='ltr'>bellum</span> <span class='ocrx_word' id='word_1_305' title='bbox 856 3386 989 3441; x_wconf 85' lang='lat' dir='ltr'>adversus</span> <span class='ocrx_word' id='word_1_306' title='bbox 1018 3385 1165 3442; x_wconf 89' lang='lat' dir='ltr'>Cretenses</span> <span class='ocrx_word' id='word_1_307' title='bbox 1213 3406 1295 3444; x_wconf 87' lang='lat' dir='ltr'>arum</span> <span class='ocrx_word' id='word_1_308' title='bbox 1319 3398 1421 3461; x_wconf 62' lang='lat' dir='ltr'>prosperi</span> <span class='ocrx_word' id='word_1_309' title='bbox 1466 3399 1469 3404; x_wconf 89' lang='lat'>&#39;</span> 
     </span>
     <span class='ocr_line' id='line_1_42' title="bbox 419 3406 1469 3532; baseline 0.01 -29"><span class='ocrx_word' id='word_1_310' title='bbox 419 3457 578 3521; x_wconf 89' lang='lat' dir='ltr'>susceptum</span> <span class='ocrx_word' id='word_1_311' title='bbox 587 3459 674 3508; x_wconf 89' lang='lat' dir='ltr'>morte</span> <span class='ocrx_word' id='word_1_312' title='bbox 684 3471 735 3508; x_wconf 90' lang='lat' dir='ltr'>sua</span> <span class='ocrx_word' id='word_1_313' title='bbox 744 3452 824 3507; x_wconf 88' lang='lat' dir='ltr'>finiit.</span> <span class='ocrx_word' id='word_1_314' title='bbox 842 3453 1021 3508; x_wconf 90' lang='lat' dir='ltr'>M.Lucnllus</span> <span class='ocrx_word' id='word_1_315' title='bbox 1030 3457 1181 3525; x_wconf 88' lang='lat' dir='ltr'>proconsul</span> <span class='ocrx_word' id='word_1_316' title='bbox 1190 3406 1322 3514; x_wconf 64' lang='lat' dir='ltr'>¹l&#39;hracas</span> <span class='ocrx_word' id='word_1_317' title='bbox 1330 3453 1421 3532; x_wconf 65' lang='lat' dir='ltr'>subegi}</span> <span class='ocrx_word' id='word_1_318' title='bbox 1465 3467 1469 3524; x_wconf 69' lang='grc' dir='ltr'>ζ</span> 
     </span>
     <span class='ocr_line' id='line_1_43' title="bbox 419 3519 1470 3596; baseline 0.012 -25"><span class='ocrx_word' id='word_1_319' title='bbox 419 3519 452 3571; x_wconf 90' lang='lat' dir='ltr'>L.</span> <span class='ocrx_word' id='word_1_320' title='bbox 463 3519 597 3575; x_wconf 89' lang='lat' dir='ltr'>Lucullus</span> <span class='ocrx_word' id='word_1_321' title='bbox 606 3522 635 3574; x_wconf 93' lang='lat' dir='ltr'>in</span> <span class='ocrx_word' id='word_1_322' title='bbox 644 3521 735 3576; x_wconf 90' lang='lat' dir='ltr'>Ponto</span> <span class='ocrx_word' id='word_1_323' title='bbox 746 3522 1066 3579; x_wconf 86' lang='lat' dir='ltr'>adversnsMithridaten</span> <span class='ocrx_word' id='word_1_324' title='bbox 1075 3524 1197 3580; x_wconf 83' lang='lat' dir='ltr'>feliciter</span> <span class='ocrx_word' id='word_1_325' title='bbox 1204 3543 1246 3596; x_wconf 91' lang='lat' dir='ltr'>pu</span> <span class='ocrx_word' id='word_1_326' title='bbox 1289 3528 1420 3596; x_wconf 60' lang='lat' dir='ltr'>aeacus</span> <span class='ocrx_word' id='word_1_327' title='bbox 1461 3535 1470 3548; x_wconf 91' lang='grc'><em>“</em></span> 
     </span>
     <span class='ocr_line' id='line_1_44' title="bbox 418 3589 1421 3665; baseline 0.012 -25"><span class='ocrx_word' id='word_1_328' title='bbox 418 3589 539 3641; x_wconf 87' lang='lat' dir='ltr'>hostium</span> <span class='ocrx_word' id='word_1_329' title='bbox 548 3590 666 3660; x_wconf 89' lang='lat' dir='ltr'>amplius</span> <span class='ocrx_word' id='word_1_330' title='bbox 676 3607 761 3661; x_wconf 87' lang='lat' dir='ltr'>quam</span> <span class='ocrx_word' id='word_1_331' title='bbox 770 3590 918 3661; x_wconf 83' lang='lat' dir='ltr'>sexaginta</span> <span class='ocrx_word' id='word_1_332' title='bbox 926 3592 1014 3647; x_wconf 91' lang='lat' dir='ltr'>milia.</span> <span class='ocrx_word' id='word_1_333' title='bbox 1032 3592 1194 3648; x_wconf 89' lang='lat' dir='ltr'>M.Crassus</span> <span class='ocrx_word' id='word_1_334' title='bbox 1204 3601 1235 3650; x_wconf 87' lang='lat' dir='ltr'>et</span> <span class='ocrx_word' id='word_1_335' title='bbox 1268 3591 1421 3665; x_wconf 64' lang='lat' dir='ltr'>neeman</span> 
     </span>
     <span class='ocr_line' id='line_1_45' title="bbox 393 3657 1421 3737; baseline 0.012 -28"><span class='ocrx_word' id='word_1_336' title='bbox 393 3667 396 3675; x_wconf 82' lang='lat'><em>&#39;</em></span> <span class='ocrx_word' id='word_1_337' title='bbox 419 3657 547 3711; x_wconf 89' lang='lat' dir='ltr'>consules</span> <span class='ocrx_word' id='word_1_338' title='bbox 555 3658 625 3712; x_wconf 87' lang='lat' dir='ltr'>facti</span> <span class='ocrx_word' id='word_1_339' title='bbox 634 3662 653 3729; x_wconf 92' lang='lat'>†</span> <span class='ocrx_word' id='word_1_340' title='bbox 662 3662 701 3714; x_wconf 91' lang='lat' dir='ltr'>sic</span> <span class='ocrx_word' id='word_1_341' title='bbox 711 3663 742 3715; x_wconf 94' lang='lat' dir='ltr'>ut</span> <span class='ocrx_word' id='word_1_342' title='bbox 750 3660 911 3730; x_wconf 89' lang='lat' dir='ltr'>Pompeius,</span> <span class='ocrx_word' id='word_1_343' title='bbox 923 3666 1074 3731; x_wconf 89' lang='lat' dir='ltr'>antequam</span> <span class='ocrx_word' id='word_1_344' title='bbox 1083 3670 1265 3731; x_wconf 82' lang='lat' dir='ltr'>quaesturam</span> <span class='ocrx_word' id='word_1_345' title='bbox 1279 3669 1391 3737; x_wconf 77' lang='lat' dir='ltr'>gereret,</span> <span class='ocrx_word' id='word_1_346' title='bbox 1400 3671 1421 3712; x_wconf 82' lang='lat' dir='ltr'>u</span> 
     </span>
     <span class='ocr_line' id='line_1_46' title="bbox 419 3725 1421 3801; baseline 0.01 -21"><span class='ocrx_word' id='word_1_347' title='bbox 419 3726 512 3795; x_wconf 89' lang='lat' dir='ltr'>equite</span> <span class='ocrx_word' id='word_1_348' title='bbox 520 3725 661 3797; x_wconf 84' lang='lat' dir='ltr'>Romano,</span> <span class='ocrx_word' id='word_1_349' title='bbox 676 3728 855 3783; x_wconf 89' lang='lat' dir='ltr'>tribuniciam</span> <span class='ocrx_word' id='word_1_350' title='bbox 867 3735 1037 3798; x_wconf 89' lang='lat' dir='ltr'>potestatem</span> <span class='ocrx_word' id='word_1_351' title='bbox 1049 3730 1244 3787; x_wconf 79' lang='lat' dir='ltr'>restituerunt</span> <span class='ocrx_word' id='word_1_352' title='bbox 1270 3734 1421 3801; x_wconf 70' lang='lat' dir='ltr'>indicisque</span> 
     </span>
     <span class='ocr_line' id='line_1_47' title="bbox 418 3794 1470 3936; baseline 0.013 -21"><span class='ocrx_word' id='word_1_353' title='bbox 418 3794 1421 3936; x_wconf 55' lang='lat' dir='ltr'>lizath·Ababatt“atittiltabtlbtltllmttffi</span> <span class='ocrx_word' id='word_1_354' title='bbox 1458 3817 1470 3892; x_wconf 84' lang='lat'>&#39;-</span> 
     </span>
    </p>
   </div>
   <div class='ocr_carea' id='block_1_8' title="bbox 336 3931 984 4007">
    <p class='ocr_par' dir='ltr' id='par_1_12' title="bbox 336 3931 984 4007">
     <span class='ocr_line' id='line_1_48' title="bbox 336 3931 984 4007; baseline 0.009 -23"><span class='ocrx_word' id='word_1_355' title='bbox 336 3948 341 3956; x_wconf 81' lang='grc'><strong><em>’</em></strong></span> <span class='ocrx_word' id='word_1_356' title='bbox 419 3931 571 4003; x_wconf 88' lang='lat' dir='ltr'>Tigranem</span> <span class='ocrx_word' id='word_1_357' title='bbox 580 3932 730 3990; x_wconf 86' lang='lat' dir='ltr'>Armeniae</span> <span class='ocrx_word' id='word_1_358' title='bbox 740 3952 836 4007; x_wconf 89' lang='lat' dir='ltr'>regem</span> <span class='ocrx_word' id='word_1_359' title='bbox 846 3935 984 4007; x_wconf 78' lang='lat' dir='ltr'>confugit.</span> 
     </span>
    </p>
   </div>
   <div class='ocr_carea' id='block_1_9' title="bbox 790 4015 1072 4058">
    <p class='ocr_par' dir='ltr' id='par_1_13' title="bbox 790 4015 1072 4058">
     <span class='ocr_line' id='line_1_49' title="bbox 790 4015 1072 4058; baseline 0.011 -3"><span class='ocrx_word' id='word_1_360' title='bbox 790 4016 829 4055; x_wconf 75' lang='lat' dir='ltr'>Ex</span> <span class='ocrx_word' id='word_1_361' title='bbox 842 4015 899 4055; x_wconf 87' lang='lat' dir='ltr'>LIB.</span> <span class='ocrx_word' id='word_1_362' title='bbox 914 4016 1072 4058; x_wconf 80' lang='lat' dir='ltr'>Lxxxxvm.</span> 
     </span>
    </p>
   </div>
   <div class='ocr_carea' id='block_1_10' title="bbox 416 4067 1470 4425">
    <p class='ocr_par' dir='ltr' id='par_1_14' title="bbox 416 4041 1470 4425">
     <span class='ocr_line' id='line_1_50' title="bbox 435 4067 1421 4150; baseline 0.011 -27"><span class='ocrx_word' id='word_1_363' title='bbox 435 4137 441 4150; x_wconf 37' lang='lat'><strong>.</strong></span> <span class='ocrx_word' id='word_1_364' title='bbox 458 4068 616 4149; x_wconf 30' lang='lat' dir='ltr'>,Machares</span> <span class='ocrx_word' id='word_1_365' title='bbox 630 4069 707 4125; x_wconf 89' lang='lat' dir='ltr'>filius</span> <span class='ocrx_word' id='word_1_366' title='bbox 719 4071 904 4141; x_wconf 84' lang='lat' dir='ltr'>Mithridatis,</span> <span class='ocrx_word' id='word_1_367' title='bbox 918 4072 1038 4143; x_wconf 88' lang='lat' dir='ltr'>Bospori</span> <span class='ocrx_word' id='word_1_368' title='bbox 1050 4092 1113 4143; x_wconf 85' lang='lat' dir='ltr'>rex,</span> <span class='ocrx_word' id='word_1_369' title='bbox 1128 4074 1191 4130; x_wconf 89' lang='lat' dir='ltr'>aL.</span> <span class='ocrx_word' id='word_1_370' title='bbox 1201 4075 1324 4133; x_wconf 87' lang='lat' dir='ltr'>Lucullo</span> <span class='ocrx_word' id='word_1_371' title='bbox 1337 4077 1365 4132; x_wconf 88' lang='lat' dir='ltr'>in</span> <span class='ocrx_word' id='word_1_372' title='bbox 1376 4067 1421 4130; x_wconf 55' lang='grc' dir='ltr'>ιώ</span> 
     </span>
     <span class='ocr_line' id='line_1_51' title="bbox 417 4140 1470 4216; baseline 0.011 -24"><span class='ocrx_word' id='word_1_373' title='bbox 417 4143 513 4192; x_wconf 76' lang='lat' dir='ltr'>citiam</span> <span class='ocrx_word' id='word_1_374' title='bbox 527 4144 657 4210; x_wconf 89' lang='lat' dir='ltr'>receptus</span> <span class='ocrx_word' id='word_1_375' title='bbox 671 4145 721 4195; x_wconf 91' lang='lat' dir='ltr'>est.</span> <span class='ocrx_word' id='word_1_376' title='bbox 750 4140 801 4196; x_wconf 93' lang='lat' dir='ltr'>Cn.</span> <span class='ocrx_word' id='word_1_377' title='bbox 810 4141 948 4196; x_wconf 87' lang='lat' dir='ltr'>Lentulus</span> <span class='ocrx_word' id='word_1_378' title='bbox 962 4147 990 4196; x_wconf 89' lang='lat' dir='ltr'>et</span> <span class='ocrx_word' id='word_1_379' title='bbox 1003 4143 1037 4197; x_wconf 92' lang='lat' dir='ltr'>L</span> <span class='ocrx_word' id='word_1_380' title='bbox 1048 4142 1158 4199; x_wconf 83' lang='lat' dir='ltr'>Gellius</span> <span class='ocrx_word' id='word_1_381' title='bbox 1174 4162 1307 4203; x_wconf 86' lang='lat' dir='ltr'>censores</span> <span class='ocrx_word' id='word_1_382' title='bbox 1321 4153 1421 4216; x_wconf 67' lang='lat' dir='ltr'>uper!</span> <span class='ocrx_word' id='word_1_383' title='bbox 1460 4153 1470 4204; x_wconf 78' lang='lat' dir='ltr'>i</span> 
     </span>
     <span class='ocr_line' id='line_1_52' title="bbox 417 4211 1470 4339; baseline 0.013 -12"><span class='ocrx_word' id='word_1_384' title='bbox 417 4214 1304 4339; x_wconf 53' lang='lat' dir='ltr'>illitatitatbl.thltttt{stabilitate</span> <span class='ocrx_word' id='word_1_385' title='bbox 1317 4211 1422 4339; x_wconf 57' lang='lat' dir='ltr'>iffi</span> <span class='ocrx_word' id='word_1_386' title='bbox 1465 4223 1470 4255; x_wconf 77' lang='lat'>⁷</span> 
     </span>
     <span class='ocr_line' id='line_1_53' title="bbox 416 4297 1421 4425; baseline 0.016 -30"><span class='ocrx_word' id='word_1_387' title='bbox 416 4348 529 4411; x_wconf 89' lang='lat' dir='ltr'>praetor</span> <span class='ocrx_word' id='word_1_388' title='bbox 546 4345 576 4399; x_wconf 91' lang='lat' dir='ltr'>in</span> <span class='ocrx_word' id='word_1_389' title='bbox 589 4343 685 4402; x_wconf 85' lang='lat' dir='ltr'>Sicilia</span> <span class='ocrx_word' id='word_1_390' title='bbox 703 4348 836 4403; x_wconf 84' lang='lat' dir='ltr'>adversus</span> <span class='ocrx_word' id='word_1_391' title='bbox 849 4297 1101 4422; x_wconf 66' lang='lat' dir='ltr'>pirataspprospcrge</span> <span class='ocrx_word' id='word_1_392' title='bbox 1114 4367 1175 4406; x_wconf 85' lang='lat' dir='ltr'>rem</span> <span class='ocrx_word' id='word_1_393' title='bbox 1188 4353 1286 4425; x_wconf 78' lang='lat' dir='ltr'>gessit.</span> <span class='ocrx_word' id='word_1_394' title='bbox 1305 4324 1421 4422; x_wconf 69' lang='lat' dir='ltr'>‘annu</span> 
     </span>
    </p>
   </div>
   <div class='ocr_carea' id='block_1_11' title="bbox 0 0 1684 5092">
    <p class='ocr_par' dir='ltr' id='par_1_15' title="bbox 0 0 1684 5092">
     <span class='ocr_line' id='line_1_54' title="bbox 0 0 1684 5092; baseline 0 2"><span class='ocrx_word' id='word_1_395' title='bbox 0 0 1684 5092; x_wconf 95' lang='lat' dir='ltr'> </span> 
     </span>
    </p>
   </div>
  </div>
 </body>
</html>
