3359 5092
482 559 1067 633 umnaxxm‚1a1a[a.c.1va]
1243 549 1286 618 39

275 719 410 795 ervasit,
429 728 465 783 ut
480 718 515 784 in
532 718 616 783 bello
629 718 777 783 intestino
793 718 956 784 deterioris
974 720 1073 805 partis
1087 720 1205 785 auxilio
1219 744 1286 787 me-

273 836 370 879 orem
388 812 567 898 adfligeret3
590 811 735 877 confudit
751 823 783 878 et
800 812 928 878 miscuit
944 814 1051 878 omnia
1066 812 1100 878 in
1117 813 1284 880 Thessalia
1303 836 1317 885 a

273 905 519 990 .'errhaebiaque
537 928 594 992 spe
610 927 767 970 novarum
784 905 976 984 tabidarum,
994 918 1030 972 ut
1047 930 1145 974 manu
1162 908 1284 975 debito-

273 1025 328 1068 um
345 1001 489 1066 obnoxia
505 1000 567 1065 sibi
584 1001 757 1086 optumatis
774 1000 977 1086 opprimeret.
1003 1000 1083 1067 haec
1101 1024 1176 1068 oum
1192 1001 1283 1069 vobis
1304 1024 1337 1072 10

273 1096 498 1181 quiescentibus
525 1106 558 1160 et
586 1094 781 1181 patientibus
813 1097 925 1162 fecerit
951 1108 983 1162 et
1014 1118 1198 1163 concessam
1223 1098 1285 1163 sibi

273 1190 433 1258 iraeciam
451 1211 521 1256 esse
538 1212 558 1255 a
575 1189 666 1254 vobis
684 1189 801 1267 videat,
819 1211 878 1275 pro
896 1202 982 1256 certo
1000 1191 1107 1269 habet,
1125 1191 1285 1258 neminem

273 1285 328 1362 ibi,
346 1295 520 1369 antequam
533 1283 567 1350 in
576 1283 704 1349 Italiam
716 1284 883 1362 traiecerit,
899 1297 1057 1351 armatum
1070 1308 1285 1352 occursurum.

273 1400 319 1444 roo
336 1400 437 1462 quam
457 1376 549 1444 vobis
571 1388 677 1443 tutum
698 1389 754 1443 aut
776 1377 946 1444 honestum
968 1379 1023 1457 sit,
1049 1402 1107 1446 vos
1129 1380 1285 1459 videritis;
1305 1400 1336 1446 11

273 1494 320 1560 rgo
338 1484 424 1539 certe
442 1472 520 1537 mihi
542 1484 635 1559 turpe
658 1496 728 1539 esse
746 1472 836 1549 duxi,
859 1473 947 1559 prius
965 1471 1085 1540 Persea
1103 1475 1145 1540 ad
1166 1475 1287 1541 bellum

273 1566 462 1633 uferendum
480 1588 577 1650 quam
595 1589 646 1632 me
664 1567 787 1632 socium
804 1568 846 1633 ad
863 1567 1121 1654 praedicendum,
1139 1580 1176 1635 ut
1192 1591 1286 1635 cave·

273 1661 348 1739 etis,
375 1662 484 1727 venire
503 1661 539 1725 in
555 1661 692 1726 Italiam.
735 1661 865 1727 functus
887 1662 1067 1728 necessario
1084 1663 1163 1727 mihi
1180 1663 1286 1729 officio
1306 1680 1337 1728 12

273 1756 450 1841 aquodam
467 1756 561 1822 modo
578 1756 712 1822 liberate
730 1768 826 1840 atque
840 1768 1012 1822 exonerata
1028 1756 1092 1823 fide
1109 1780 1192 1836 mea,
1208 1759 1287 1843 quid

273 1852 341 1916 dtre
363 1850 471 1916 facere
492 1872 638 1937 possum,
664 1871 760 1934 quam
782 1851 830 1916 uti
848 1850 924 1916 deos
942 1851 1081 1933 deasque
1103 1873 1228 1937 precer,
1250 1864 1288 1917 ut

273 1967 314 2009 'os
334 1956 366 2011 et
389 1955 516 2009 vestrae
536 1945 584 2010 rei
601 1944 750 2030 pubhcae
768 1955 800 2010 et
821 1945 914 2010 nobis
937 1941 1031 2011 sociis
1052 1956 1148 2031 atque
1165 1945 1286 2024 amicis,

273 2040 313 2124 qui
331 2062 372 2105 ex
391 2038 484 2103 vobis
501 2038 688 2124 pendemus,
707 2039 912 2104 consulatisl’

320 2133 443 2199 XHII.
465 2133 559 2200 Haec
572 2134 672 2198 oratio
686 2134 785 2198 movit
797 2144 904 2218 patres
919 2134 1123 2220 conscriptos.
1147 2146 1287 2200 ceterum
1306 2150 1319 2198 1

273 2227 499 2315 npraesentie
524 2227 604 2292 nihil
630 2239 852 2313 praeterquam
879 2228 978 2293 fuisse
1004 2228 1038 2294 in
1064 2228 1152 2294 ouria
1177 2252 1287 2315 regem

273 2321 338 2388 cire
357 2321 531 2406 quisquam
548 2321 662 2408 potuit,
680 2343 718 2387 eo
736 2321 861 2386 silentio
875 2322 984 2387 clausa
997 2322 1085 2387 curia
1102 2334 1184 2401 erat3
1202 2323 1287 2389 bello

273 2414 398 2501 lenique
410 2415 554 2501 perfecto
568 2437 715 2500 quaeque
727 2415 814 2480 dicta
828 2416 870 2481 ab
884 2438 961 2501 rege
975 2436 1121 2500 quaeque
1135 2439 1288 2504 responsa

273 2521 364 2576 essent
382 2532 583 2575 emanavere.

325 2604 434 2670 Persei
457 2604 571 2670 deinde
592 2605 676 2702 regis
697 2604 812 2689 legetis
833 2615 906 2689 post
928 2625 1048 2689 paucos
1067 2604 1134 2669 dies
1158 2616 1287 2671 senatus
1306 2621 1320 2667 a

273 2698 356 2764 datus
380 2711 437 2765 est.
491 2711 631 2764 ceterum
660 2699 901 2786 praeoccupatis
931 2721 996 2764 non
1022 2699 1153 2764 auribus
1183 2700 1286 2786 magis

273 2814 356 2877 quam
373 2793 489 2858 animis
512 2793 553 2858 ab
570 2792 717 2858 Eumene
739 2815 829 2878 rege,
852 2793 954 2858 omnis
973 2804 1005 2858 et
1023 2793 1165 2859 defensio
1183 2804 1215 2858 et
1232 2794 1288 2859 de·

273 2888 399 2954 necatio
422 2889 602 2973 legatorum
623 2887 843 2974 respuebatur.
888 2898 921 2953 et
942 2888 1143 2974 exasperavit
1165 2888 1287 2954 animos
1305 2902 1321 2949 3

273 2982 378 3049 brocia
400 2983 499 3048 nimia
519 2984 670 3069 Harpali,
696 2983 751 3067 qui
773 2983 922 3069 princeps
943 2983 1111 3069 legationis
1133 2994 1211 3048 erat.
1259 2984 1287 3047 is

273 3078 340 3145 elle
358 3078 490 3163 quidem
505 3089 538 3143 et
553 3078 697 3143 laborare
712 3077 791 3142 dixit
804 3099 924 3162 regem,
942 3088 978 3142 ut
995 3076 1145 3162 purganti
1163 3100 1197 3142 se
1209 3076 1288 3141 nihil

273 3173 372 3238 rostile
406 3172 523 3238 dixisse
554 3183 609 3238 aut
638 3172 752 3237 fecisse
777 3171 857 3237 fides
889 3171 1059 3237 habeatur:
1093 3181 1233 3236 ceterum
1260 3171 1287 3235 si
1305 3186 1322 3231 4

273 3266 459 3332 ›ervicacius
482 3287 611 3331 causam
632 3265 708 3332 belli
730 3266 840 3349 quaeri
862 3264 985 3343 videat,
1011 3263 1086 3328 forti
1109 3263 1215 3329 animo
1233 3264 1289 3329 de-

273 3361 427 3427 t'ensurum
454 3383 499 3426 se.
542 3362 683 3427 Martem
706 3381 898 3425 conmunem
919 3381 989 3425 esse
1011 3370 1042 3425 et
1069 3369 1218 3425 eventum
1239 3358 1288 3423 in·

273 3467 384 3522 >ertum
401 3454 487 3521 belli.
743 3507 751 3534 ,

326 3546 490 3615 Omnibus
509 3548 690 3614 civitatibus
701 3546 858 3615 Graeciae
873 3559 971 3633 atque
978 3547 1078 3614 Asiae
1097 3569 1192 3613 curae
1210 3558 1287 3624 erat,
1305 3558 1322 3608 5

273 3643 339 3727 quid
355 3643 469 3709 Persei
490 3644 601 3729 legati,
628 3644 706 3728 quid
721 3644 885 3711 Eumenes
907 3644 943 3709 iu
966 3654 1078 3709 senatu
1100 3642 1231 3729 egisset3
1257 3653 1290 3709 et

273 3749 393 3824 propter
407 3737 581 3802 adventum
598 3737 682 3813 eius,
700 3759 797 3822 quem
809 3749 972 3804 moturum
988 3737 1109 3821 aliquid
1126 3737 1288 3815 rebantur,

273 3832 416 3898 miserant
431 3832 603 3918 pleraeque
616 3832 771 3910 civitates,
788 3833 852 3898 alia
868 3831 1053 3918 inspeciem
1071 3830 1288 3917 praeferentis,

273 3939 397 4013 ,egatcs
424 3937 456 3991 et
469 3926 587 4012 legatio
595 3926 795 3992 Rhodiorum
806 3924 961 4013 [Romae]
973 3937 1041 3992 erat
1054 3923 1139 4010 hao[
1141 3970 1226 3989 ......
1233 3920 1287 4009 ac]
1305 3935 1321 3983 6

273 4021 345 4088 laisa
368 4021 575 4087 simulaturus
595 4022 758 4107 princeps,
784 4019 872 4086 haud
894 4021 1010 4086 dubius
1032 4019 1110 4103 quin
1127 4017 1288 4082 Eumenes

273 4117 426 4182 ivitatem
447 4136 577 4200 qnoque
598 4138 691 4181 suam
708 4115 820 4182 Persei
837 4115 1022 4182 criminibus
1040 4112 1203 4177 iunxisset
1228 4110 1289 4175 ita-
1307 4123 1321 4170 v

273 4233 326 4296 que
355 4210 442 4276 omni
472 4211 568 4276 modo
593 4233 652 4298 per
681 4222 832 4298 patronos
862 4208 1066 4297 hospitesque
1093 4204 1290 4290 disceptandi

273 4326 339 4372 mm
354 4328 433 4392 rege
454 4305 563 4372 locum
584 4305 619 4372 in
636 4318 749 4374 senatu
765 4305 949 4390 quaerebat.
993 4300 1078 4385 quod
1101 4321 1175 4365 cum
1193 4295 1323 4389 [non]8
