<?xml version="1.0" encoding="UTF-8"?>
<!DOCTYPE html PUBLIC "-//W3C//DTD XHTML 1.0 Transitional//EN"
    "http://www.w3.org/TR/xhtml1/DTD/xhtml1-transitional.dtd">
<html xmlns="http://www.w3.org/1999/xhtml" xml:lang="en" lang="en">
 <head>
  <title>
</title>
<meta http-equiv="Content-Type" content="text/html;charset=utf-8" />
  <meta name='ocr-system' content='tesseract 3.04.00' />
  <meta name='ocr-capabilities' content='ocr_page ocr_carea ocr_par ocr_line ocrx_word'/>
</head>
<body>
  <div class='ocr_page' id='page_1' title='image "./titiliviaburbec02weisgoog_0138.png"; bbox 0 0 3359 5092; ppageno 0'>
   <div class='ocr_carea' id='block_1_1' title="bbox 352 535 1173 617">
    <p class='ocr_par' dir='ltr' id='par_1_1' title="bbox 352 535 1173 617">
     <span class='ocr_line' id='line_1_1' title="bbox 352 535 1173 617; baseline -0.002 -14"><span class='ocrx_word' id='word_1_1' title='bbox 352 535 396 603; x_wconf 89' lang='grc'><strong>64</strong></span> <span class='ocrx_word' id='word_1_2' title='bbox 553 548 672 604; x_wconf 78' lang='lat' dir='ltr'><strong>nisan</strong></span> <span class='ocrx_word' id='word_1_3' title='bbox 689 545 1173 617; x_wconf 60' lang='lat' dir='ltr'><strong>nummorumque]</strong></span> 
     </span>
    </p>
   </div>
   <div class='ocr_carea' id='block_1_2' title="bbox 305 703 1411 4392">
    <p class='ocr_par' dir='ltr' id='par_1_2' title="bbox 352 703 1368 890">
     <span class='ocr_line' id='line_1_2' title="bbox 352 703 1368 792; baseline -0.006 -17"><span class='ocrx_word' id='word_1_4' title='bbox 352 710 547 775; x_wconf 84' lang='lat' dir='ltr'>Boeotorum</span> <span class='ocrx_word' id='word_1_5' title='bbox 565 706 757 791; x_wconf 91' lang='lat' dir='ltr'><strong>quibusdam</strong></span> <span class='ocrx_word' id='word_1_6' title='bbox 774 705 917 792; x_wconf 90' lang='lat' dir='ltr'><strong>populis,</strong></span> <span class='ocrx_word' id='word_1_7' title='bbox 939 726 980 769; x_wconf 87' lang='lat' dir='ltr'><strong>ex</strong></span> <span class='ocrx_word' id='word_1_8' title='bbox 998 724 1062 787; x_wconf 93' lang='lat' dir='ltr'><strong>quo</strong></span> <span class='ocrx_word' id='word_1_9' title='bbox 1079 703 1295 769; x_wconf 89' lang='lat' dir='ltr'><strong>renuntiatum</strong></span> <span class='ocrx_word' id='word_1_10' title='bbox 1313 719 1368 771; x_wconf 90' lang='lat' dir='ltr'><strong>erat</strong></span> 
     </span>
     <span class='ocr_line' id='line_1_3' title="bbox 352 800 1367 890; baseline -0.006 -19"><span class='ocrx_word' id='word_1_11' title='bbox 352 803 553 890; x_wconf 88' lang='lat' dir='ltr'><strong>respondisse</strong></span> <span class='ocrx_word' id='word_1_12' title='bbox 570 802 704 887; x_wconf 85' lang='lat' dir='ltr'><strong>legatos,</strong></span> <span class='ocrx_word' id='word_1_13' title='bbox 723 802 952 887; x_wconf 88' lang='lat' dir='ltr'><strong>appariturum,</strong></span> <span class='ocrx_word' id='word_1_14' title='bbox 971 800 1088 884; x_wconf 90' lang='lat' dir='ltr'><strong>quibus</strong></span> <span class='ocrx_word' id='word_1_15' title='bbox 1105 801 1233 886; x_wconf 90' lang='lat' dir='ltr'><strong>populis</strong></span> <span class='ocrx_word' id='word_1_16' title='bbox 1256 801 1367 887; x_wconf 85' lang='lat' dir='ltr'><strong>proprie</strong></span> 
     </span>
    </p>

    <p class='ocr_par' dir='ltr' id='par_1_3' title="bbox 320 894 1367 1267">
     <span class='ocr_line' id='line_1_4' title="bbox 320 894 1367 983; baseline -0.009 -14"><span class='ocrx_word' id='word_1_17' title='bbox 320 918 335 969; x_wconf 84' lang='grc'>6</span> <span class='ocrx_word' id='word_1_18' title='bbox 354 901 537 966; x_wconf 90' lang='lat' dir='ltr'><strong>societatem</strong></span> <span class='ocrx_word' id='word_1_19' title='bbox 555 919 628 962; x_wconf 91' lang='lat' dir='ltr'><strong>cum</strong></span> <span class='ocrx_word' id='word_1_20' title='bbox 645 919 724 983; x_wconf 84' lang='lat' dir='ltr'><strong>rege</strong></span> <span class='ocrx_word' id='word_1_21' title='bbox 741 896 831 982; x_wconf 83' lang='lat' dir='ltr'><strong>iungi</strong></span> <span class='ocrx_word' id='word_1_22' title='bbox 850 896 1071 983; x_wconf 79' lang='lat' dir='ltr'><strong>displicuisset.</strong></span> <span class='ocrx_word' id='word_1_23' title='bbox 1098 896 1193 982; x_wconf 90' lang='lat' dir='ltr'><strong>primi</strong></span> <span class='ocrx_word' id='word_1_24' title='bbox 1211 894 1367 962; x_wconf 89' lang='lat' dir='ltr'><strong>aChaero·</strong></span> 
     </span>
     <span class='ocr_line' id='line_1_5' title="bbox 353 990 1367 1080; baseline -0.004 -21"><span class='ocrx_word' id='word_1_25' title='bbox 353 995 408 1059; x_wconf 93' lang='lat' dir='ltr'><strong>nia</strong></span> <span class='ocrx_word' id='word_1_26' title='bbox 429 994 540 1080; x_wconf 85' lang='lat' dir='ltr'><strong>legati,</strong></span> <span class='ocrx_word' id='word_1_27' title='bbox 567 991 681 1057; x_wconf 92' lang='lat' dir='ltr'><strong>deinde</strong></span> <span class='ocrx_word' id='word_1_28' title='bbox 704 991 863 1056; x_wconf 86' lang='lat' dir='ltr'><strong>aThebis</strong></span> <span class='ocrx_word' id='word_1_29' title='bbox 884 991 918 1056; x_wconf 89' lang='lat' dir='ltr'><strong>in</strong></span> <span class='ocrx_word' id='word_1_30' title='bbox 940 991 1010 1076; x_wconf 89' lang='lat' dir='ltr'><strong>ipsc</strong></span> <span class='ocrx_word' id='word_1_31' title='bbox 1032 990 1145 1057; x_wconf 89' lang='lat' dir='ltr'><strong>itinere</strong></span> <span class='ocrx_word' id='word_1_32' title='bbox 1168 1003 1367 1066; x_wconf 71' lang='lat' dir='ltr'>occurremur,</span> 
     </span>
     <span class='ocr_line' id='line_1_6' title="bbox 354 1086 1366 1168; baseline -0.002 -14"><span class='ocrx_word' id='word_1_33' title='bbox 354 1088 572 1163; x_wconf 87' lang='lat' dir='ltr'><strong>adfirmantes,</strong></span> <span class='ocrx_word' id='word_1_34' title='bbox 598 1108 664 1151; x_wconf 90' lang='lat' dir='ltr'><strong>non</strong></span> <span class='ocrx_word' id='word_1_35' title='bbox 685 1086 868 1151; x_wconf 84' lang='lat' dir='ltr'><strong>interfuisse</strong></span> <span class='ocrx_word' id='word_1_36' title='bbox 886 1108 936 1160; x_wconf 93' lang='lat' dir='ltr'><strong>se,</strong></span> <span class='ocrx_word' id='word_1_37' title='bbox 963 1106 1027 1168; x_wconf 92' lang='lat' dir='ltr'><strong>quo</strong></span> <span class='ocrx_word' id='word_1_38' title='bbox 1045 1086 1179 1151; x_wconf 88' lang='lat' dir='ltr'><strong>societas</strong></span> <span class='ocrx_word' id='word_1_39' title='bbox 1197 1109 1238 1151; x_wconf 89' lang='lat' dir='ltr'><strong>ea</strong></span> <span class='ocrx_word' id='word_1_40' title='bbox 1255 1086 1366 1152; x_wconf 78' lang='lat' dir='ltr'><strong>decreta</strong></span> 
     </span>
     <span class='ocr_line' id='line_1_7' title="bbox 354 1179 1366 1267; baseline -0.004 -18"><span class='ocrx_word' id='word_1_41' title='bbox 354 1194 452 1261; x_wconf 90' lang='lat' dir='ltr'><strong>esset,</strong></span> <span class='ocrx_word' id='word_1_42' title='bbox 480 1181 628 1258; x_wconf 83' lang='lat' dir='ltr'><strong>concili03</strong></span> <span class='ocrx_word' id='word_1_43' title='bbox 655 1185 727 1265; x_wconf 85' lang='lat' dir='ltr'><strong>quis</strong></span> <span class='ocrx_word' id='word_1_44' title='bbox 749 1179 848 1266; x_wconf 86' lang='lat' dir='ltr'><strong>legati</strong></span> <span class='ocrx_word' id='word_1_45' title='bbox 868 1181 956 1244; x_wconf 90' lang='lat' dir='ltr'><strong>nullo</strong></span> <span class='ocrx_word' id='word_1_46' title='bbox 973 1180 1008 1245; x_wconf 93' lang='lat' dir='ltr'><strong>in</strong></span> <span class='ocrx_word' id='word_1_47' title='bbox 1028 1180 1209 1265; x_wconf 90' lang='lat' dir='ltr'><strong>praesentia</strong></span> <span class='ocrx_word' id='word_1_48' title='bbox 1231 1200 1366 1267; x_wconf 88' lang='lat' dir='ltr'><strong>responso</strong></span> 
     </span>
    </p>

    <p class='ocr_par' dir='ltr' id='par_1_4' title="bbox 320 1273 1367 1646">
     <span class='ocr_line' id='line_1_8' title="bbox 320 1273 1367 1362; baseline -0.007 -17"><span class='ocrx_word' id='word_1_49' title='bbox 320 1300 334 1346; x_wconf 82' lang='grc' dir='ltr'><strong>ι</strong></span> <span class='ocrx_word' id='word_1_50' title='bbox 354 1278 428 1343; x_wconf 88' lang='lat' dir='ltr'><strong>dato</strong></span> <span class='ocrx_word' id='word_1_51' title='bbox 446 1273 635 1341; x_wconf 77' lang='lat' dir='ltr'><strong>Chalcidem</strong></span> <span class='ocrx_word' id='word_1_52' title='bbox 652 1298 687 1340; x_wconf 90' lang='lat' dir='ltr'><strong>se</strong></span> <span class='ocrx_word' id='word_1_53' title='bbox 704 1274 796 1359; x_wconf 92' lang='lat' dir='ltr'><strong>sequi</strong></span> <span class='ocrx_word' id='word_1_54' title='bbox 812 1274 983 1340; x_wconf 90' lang='lat' dir='ltr'><strong>iusserunt.</strong></span> <span class='ocrx_word' id='word_1_55' title='bbox 1028 1273 1148 1340; x_wconf 86' lang='lat' dir='ltr'><strong>Thebis</strong></span> <span class='ocrx_word' id='word_1_56' title='bbox 1167 1298 1286 1362; x_wconf 83' lang='lat' dir='ltr'><strong>magna</strong></span> <span class='ocrx_word' id='word_1_57' title='bbox 1306 1297 1367 1340; x_wconf 89' lang='lat' dir='ltr'><strong>con·</strong></span> 
     </span>
     <span class='ocr_line' id='line_1_9' title="bbox 354 1368 1366 1456; baseline -0.003 -19"><span class='ocrx_word' id='word_1_58' title='bbox 354 1372 453 1437; x_wconf 89' lang='lat' dir='ltr'><strong>tentio</strong></span> <span class='ocrx_word' id='word_1_59' title='bbox 464 1381 533 1435; x_wconf 89' lang='lat' dir='ltr'><strong>orta</strong></span> <span class='ocrx_word' id='word_1_60' title='bbox 546 1381 615 1436; x_wconf 89' lang='lat' dir='ltr'><strong>erat</strong></span> <span class='ocrx_word' id='word_1_61' title='bbox 629 1393 670 1435; x_wconf 87' lang='lat' dir='ltr'><strong>ex</strong></span> <span class='ocrx_word' id='word_1_62' title='bbox 683 1369 746 1434; x_wconf 89' lang='lat' dir='ltr'><strong>alio</strong></span> <span class='ocrx_word' id='word_1_63' title='bbox 756 1369 937 1435; x_wconf 89' lang='lat' dir='ltr'><strong>certamine.</strong></span> <span class='ocrx_word' id='word_1_64' title='bbox 965 1368 1100 1435; x_wconf 89' lang='lat' dir='ltr'><strong>comitiis</strong></span> <span class='ocrx_word' id='word_1_65' title='bbox 1114 1374 1270 1456; x_wconf 81' lang='lat' dir='ltr'><strong>praetoris</strong></span> <span class='ocrx_word' id='word_1_66' title='bbox 1278 1371 1366 1435; x_wconf 82' lang='lat' dir='ltr'><strong>Boeo</strong></span> 
     </span>
     <span class='ocr_line' id='line_1_10' title="bbox 354 1464 1366 1550; baseline -0.003 -19"><span class='ocrx_word' id='word_1_67' title='bbox 354 1478 460 1531; x_wconf 91' lang='lat' dir='ltr'><strong>torum</strong></span> <span class='ocrx_word' id='word_1_68' title='bbox 477 1466 563 1530; x_wconf 88' lang='lat' dir='ltr'><strong>victa</strong></span> <span class='ocrx_word' id='word_1_69' title='bbox 579 1487 654 1550; x_wconf 90' lang='lat' dir='ltr'><strong>pars</strong></span> <span class='ocrx_word' id='word_1_70' title='bbox 675 1464 823 1528; x_wconf 89' lang='lat' dir='ltr'><strong>iniuriam</strong></span> <span class='ocrx_word' id='word_1_71' title='bbox 840 1485 1036 1550; x_wconf 90' lang='lat' dir='ltr'><strong>persequens</strong></span> <span class='ocrx_word' id='word_1_72' title='bbox 1053 1475 1164 1530; x_wconf 88' lang='lat' dir='ltr'><strong>coacta</strong></span> <span class='ocrx_word' id='word_1_73' title='bbox 1181 1465 1366 1529; x_wconf 89' lang='lat' dir='ltr'><strong>multitudine</strong></span> 
     </span>
     <span class='ocr_line' id='line_1_11' title="bbox 355 1556 1366 1646; baseline -0.003 -20"><span class='ocrx_word' id='word_1_74' title='bbox 355 1561 518 1626; x_wconf 90' lang='lat' dir='ltr'><strong>decretum</strong></span> <span class='ocrx_word' id='word_1_75' title='bbox 534 1559 657 1624; x_wconf 87' lang='lat' dir='ltr'><strong>Thebis</strong></span> <span class='ocrx_word' id='word_1_76' title='bbox 676 1556 797 1644; x_wconf 84' lang='lat' dir='ltr'><strong>[fecit],</strong></span> <span class='ocrx_word' id='word_1_77' title='bbox 814 1582 857 1625; x_wconf 90' lang='lat' dir='ltr'><strong>ne</strong></span> <span class='ocrx_word' id='word_1_78' title='bbox 874 1558 1094 1626; x_wconf 73' lang='lat' dir='ltr'><strong>Boeotarchae</strong></span> <span class='ocrx_word' id='word_1_79' title='bbox 1111 1559 1246 1625; x_wconf 88' lang='lat' dir='ltr'><strong>urbibus</strong></span> <span class='ocrx_word' id='word_1_80' title='bbox 1263 1559 1366 1646; x_wconf 87' lang='lat' dir='ltr'><strong>recipe·</strong></span> 
     </span>
    </p>

    <p class='ocr_par' dir='ltr' id='par_1_5' title="bbox 320 1652 1411 2023">
     <span class='ocr_line' id='line_1_12' title="bbox 320 1652 1366 1739; baseline -0.003 -16"><span class='ocrx_word' id='word_1_81' title='bbox 320 1675 336 1723; x_wconf 83' lang='lat'>8</span> <span class='ocrx_word' id='word_1_82' title='bbox 353 1667 472 1720; x_wconf 89' lang='lat' dir='ltr'><strong>rentur</strong></span> <span class='ocrx_word' id='word_1_83' title='bbox 516 1653 626 1719; x_wconf 88' lang='lat' dir='ltr'><strong>exules</strong></span> <span class='ocrx_word' id='word_1_84' title='bbox 644 1652 802 1739; x_wconf 91' lang='lat' dir='ltr'><strong>Thespias</strong></span> <span class='ocrx_word' id='word_1_85' title='bbox 824 1653 964 1718; x_wconf 89' lang='lat' dir='ltr'><strong>universi</strong></span> <span class='ocrx_word' id='word_1_86' title='bbox 987 1664 1228 1732; x_wconf 84' lang='lat' dir='ltr'><strong>concesserunt3</strong></span> <span class='ocrx_word' id='word_1_87' title='bbox 1251 1654 1366 1720; x_wconf 79' lang='lat' dir='ltr'><strong>inde-</strong></span> 
     </span>
     <span class='ocr_line' id='line_1_13' title="bbox 354 1746 1410 1835; baseline -0.006 -21"><span class='ocrx_word' id='word_1_88' title='bbox 354 1748 474 1835; x_wconf 86' lang='lat' dir='ltr'><strong>recepti</strong></span> <span class='ocrx_word' id='word_1_89' title='bbox 492 1747 578 1812; x_wconf 91' lang='lat' dir='ltr'><strong>enim</strong></span> <span class='ocrx_word' id='word_1_90' title='bbox 600 1746 669 1812; x_wconf 92' lang='lat' dir='ltr'><strong>sine</strong></span> <span class='ocrx_word' id='word_1_91' title='bbox 692 1747 892 1813; x_wconf 77' lang='lat' dir='ltr'><strong>cunctatione</strong></span> <span class='ocrx_word' id='word_1_92' title='bbox 915 1758 1067 1812; x_wconf 83' lang='lat' dir='ltr'><strong>erant-</strong></span> <span class='ocrx_word' id='word_1_93' title='bbox 1083 1747 1242 1814; x_wconf 91' lang='lat' dir='ltr'><strong>Thebas</strong></span> <span class='ocrx_word' id='word_1_94' title='bbox 1232 1772 1296 1815; x_wconf 89' lang='lat' dir='ltr'><strong>ram</strong></span> <span class='ocrx_word' id='word_1_95' title='bbox 1312 1770 1367 1813; x_wconf 90' lang='lat' dir='ltr'><strong>mu·</strong></span> <span class='ocrx_word' id='word_1_96' title='bbox 1409 1801 1410 1808; x_wconf 71' lang='grc'>,</span> 
     </span>
     <span class='ocr_line' id='line_1_14' title="bbox 353 1831 1411 1926; baseline -0.003 -18"><span class='ocrx_word' id='word_1_97' title='bbox 353 1843 428 1908; x_wconf 90' lang='lat' dir='ltr'><strong>tatis</strong></span> <span class='ocrx_word' id='word_1_98' title='bbox 446 1842 559 1907; x_wconf 92' lang='lat' dir='ltr'><strong>animis</strong></span> <span class='ocrx_word' id='word_1_99' title='bbox 577 1842 718 1906; x_wconf 88' lang='lat' dir='ltr'><strong>revocati</strong></span> <span class='ocrx_word' id='word_1_100' title='bbox 736 1842 899 1907; x_wconf 89' lang='lat' dir='ltr'><strong>decretum</strong></span> <span class='ocrx_word' id='word_1_101' title='bbox 916 1841 1055 1919; x_wconf 90' lang='lat' dir='ltr'><strong>faciunt,</strong></span> <span class='ocrx_word' id='word_1_102' title='bbox 1072 1853 1109 1907; x_wconf 95' lang='lat' dir='ltr'><strong>ut</strong></span> <span class='ocrx_word' id='word_1_103' title='bbox 1128 1842 1310 1920; x_wconf 84' lang='lat' dir='ltr'><strong>duodecim,</strong></span> <span class='ocrx_word' id='word_1_104' title='bbox 1325 1839 1366 1926; x_wconf 77' lang='lat' dir='ltr'><strong>qti</strong></span> <span class='ocrx_word' id='word_1_105' title='bbox 1407 1831 1411 1852; x_wconf 55' lang='lat'>²</span> 
     </span>
     <span class='ocr_line' id='line_1_15' title="bbox 355 1935 1411 2023; baseline -0.001 -22"><span class='ocrx_word' id='word_1_106' title='bbox 355 1937 470 2023; x_wconf 88' lang='lat' dir='ltr'><strong>privati</strong></span> <span class='ocrx_word' id='word_1_107' title='bbox 484 1947 610 2001; x_wconf 90' lang='lat' dir='ltr'><strong>coetum</strong></span> <span class='ocrx_word' id='word_1_108' title='bbox 619 1946 651 2001; x_wconf 93' lang='lat' dir='ltr'><strong>et</strong></span> <span class='ocrx_word' id='word_1_109' title='bbox 665 1936 834 2001; x_wconf 89' lang='lat' dir='ltr'><strong>concilium</strong></span> <span class='ocrx_word' id='word_1_110' title='bbox 848 1935 1045 2013; x_wconf 79' lang='lat' dir='ltr'><strong>habuissent,</strong></span> <span class='ocrx_word' id='word_1_111' title='bbox 1056 1936 1150 2001; x_wconf 89' lang='lat' dir='ltr'><strong>exilio</strong></span> <span class='ocrx_word' id='word_1_112' title='bbox 1164 1938 1366 2003; x_wconf 79' lang='lat' dir='ltr'><strong>multarentur</strong></span> <span class='ocrx_word' id='word_1_113' title='bbox 1407 1943 1411 1982; x_wconf 89' lang='lat'><strong>¹</strong></span> 
     </span>
    </p>

    <p class='ocr_par' dir='ltr' id='par_1_6' title="bbox 321 1999 1411 2381">
     <span class='ocr_line' id='line_1_16' title="bbox 321 1999 1411 2116; baseline 0.001 -19"><span class='ocrx_word' id='word_1_114' title='bbox 321 2051 457 2099; x_wconf 77' lang='lat' dir='ltr'><strong>cuorus</strong></span> <span class='ocrx_word' id='word_1_115' title='bbox 478 2030 592 2096; x_wconf 91' lang='lat' dir='ltr'><strong>deinde</strong></span> <span class='ocrx_word' id='word_1_116' title='bbox 610 2041 701 2116; x_wconf 90' lang='lat' dir='ltr'><strong>praet</strong></span> <span class='ocrx_word' id='word_1_117' title='bbox 701 2053 798 2095; x_wconf 92' lang='lat' dir='ltr'><strong>or-</strong></span> <span class='ocrx_word' id='word_1_118' title='bbox 754 2030 997 2095; x_wconf 90' lang='lat' dir='ltr'><strong>-Ismenias</strong></span> <span class='ocrx_word' id='word_1_119' title='bbox 987 2053 1016 2095; x_wconf 88' lang='lat' dir='ltr'><strong>rs</strong></span> <span class='ocrx_word' id='word_1_120' title='bbox 1033 2041 1116 2107; x_wconf 90' lang='lat' dir='ltr'><strong>erat,</strong></span> <span class='ocrx_word' id='word_1_121' title='bbox 1142 2030 1193 2095; x_wconf 86' lang='lat' dir='ltr'><strong>vir</strong></span> <span class='ocrx_word' id='word_1_122' title='bbox 1214 2031 1325 2097; x_wconf 93' lang='lat' dir='ltr'><strong>nobilis</strong></span> <span class='ocrx_word' id='word_1_123' title='bbox 1340 2049 1366 2093; x_wconf 86' lang='grc' dir='ltr'><strong>οο</strong></span> <span class='ocrx_word' id='word_1_124' title='bbox 1404 1999 1411 2098; x_wconf 78' lang='lat' dir='ltr'><strong>i</strong></span> 
     </span>
     <span class='ocr_line' id='line_1_17' title="bbox 354 2124 1366 2212; baseline 0 -23"><span class='ocrx_word' id='word_1_125' title='bbox 354 2136 529 2211; x_wconf 86' lang='lat' dir='ltr'><strong>potens—</strong></span> <span class='ocrx_word' id='word_1_126' title='bbox 545 2125 690 2212; x_wconf 86' lang='lat' dir='ltr'><strong>capitalis</strong></span> <span class='ocrx_word' id='word_1_127' title='bbox 713 2146 834 2211; x_wconf 90' lang='lat' dir='ltr'><strong>poenae</strong></span> <span class='ocrx_word' id='word_1_128' title='bbox 858 2124 997 2190; x_wconf 89' lang='lat' dir='ltr'><strong>absentis</strong></span> <span class='ocrx_word' id='word_1_129' title='bbox 1021 2147 1075 2191; x_wconf 91' lang='lat' dir='ltr'><strong>eos</strong></span> <span class='ocrx_word' id='word_1_130' title='bbox 1094 2125 1221 2192; x_wconf 86' lang='lat' dir='ltr'><strong>decreto</strong></span> <span class='ocrx_word' id='word_1_131' title='bbox 1245 2125 1366 2191; x_wconf 66' lang='lat' dir='ltr'><strong>damna.</strong></span> 
     </span>
     <span class='ocr_line' id='line_1_18' title="bbox 356 2216 1366 2308; baseline 0.001 -24"><span class='ocrx_word' id='word_1_132' title='bbox 356 2218 544 2285; x_wconf 82' lang='lat' dir='ltr'><strong>Chalcidem</strong></span> <span class='ocrx_word' id='word_1_133' title='bbox 561 2219 712 2305; x_wconf 85' lang='lat' dir='ltr'><strong>fugerant</strong></span> <span class='ocrx_word' id='word_1_134' title='bbox 717 2244 727 2297; x_wconf 84' lang='lat'>3</span> <span class='ocrx_word' id='word_1_135' title='bbox 749 2219 825 2284; x_wconf 92' lang='lat' dir='ltr'><strong>inde</strong></span> <span class='ocrx_word' id='word_1_136' title='bbox 843 2219 885 2283; x_wconf 91' lang='lat' dir='ltr'><strong>ad</strong></span> <span class='ocrx_word' id='word_1_137' title='bbox 902 2219 1065 2284; x_wconf 88' lang='lat' dir='ltr'><strong>Romanos</strong></span> <span class='ocrx_word' id='word_1_138' title='bbox 1082 2220 1233 2286; x_wconf 87' lang='lat' dir='ltr'><strong>Larisam</strong></span> <span class='ocrx_word' id='word_1_139' title='bbox 1250 2216 1366 2308; x_wconf 84' lang='lat' dir='ltr'><strong>profecti</strong></span> 
     </span>
     <span class='ocr_line' id='line_1_19' title="bbox 356 2313 1366 2381; baseline 0.001 -2"><span class='ocrx_word' id='word_1_140' title='bbox 356 2337 486 2379; x_wconf 86' lang='lat' dir='ltr'><strong>causam</strong></span> <span class='ocrx_word' id='word_1_141' title='bbox 509 2337 583 2380; x_wconf 92' lang='lat' dir='ltr'><strong>cum</strong></span> <span class='ocrx_word' id='word_1_142' title='bbox 599 2315 721 2380; x_wconf 89' lang='lat' dir='ltr'><strong>Perseo</strong></span> <span class='ocrx_word' id='word_1_143' title='bbox 743 2313 905 2380; x_wconf 88' lang='lat' dir='ltr'><strong>societatis</strong></span> <span class='ocrx_word' id='word_1_144' title='bbox 926 2313 960 2378; x_wconf 93' lang='lat' dir='ltr'><strong>in</strong></span> <span class='ocrx_word' id='word_1_145' title='bbox 977 2314 1152 2379; x_wconf 84' lang='lat' dir='ltr'><strong>Ismeniam</strong></span> <span class='ocrx_word' id='word_1_146' title='bbox 1170 2316 1366 2381; x_wconf 84' lang='lat' dir='ltr'><strong>contulerant·</strong></span> 
     </span>
    </p>

    <p class='ocr_par' dir='ltr' id='par_1_7' title="bbox 305 2406 1367 2684">
     <span class='ocr_line' id='line_1_20' title="bbox 305 2406 1366 2496; baseline 0 -20"><span class='ocrx_word' id='word_1_147' title='bbox 305 2430 337 2477; x_wconf 90' lang='grc' dir='ltr'><strong>ιο</strong></span> <span class='ocrx_word' id='word_1_148' title='bbox 356 2432 395 2474; x_wconf 87' lang='lat' dir='ltr'><strong>ex</strong></span> <span class='ocrx_word' id='word_1_149' title='bbox 413 2410 615 2475; x_wconf 86' lang='lat' dir='ltr'><strong>contentione</strong></span> <span class='ocrx_word' id='word_1_150' title='bbox 633 2420 738 2474; x_wconf 87' lang='lat' dir='ltr'><strong>ortum</strong></span> <span class='ocrx_word' id='word_1_151' title='bbox 760 2419 931 2474; x_wconf 89' lang='lat' dir='ltr'><strong>certamen.</strong></span> <span class='ocrx_word' id='word_1_152' title='bbox 976 2409 1142 2493; x_wconf 88' lang='lat' dir='ltr'><strong>utriusque</strong></span> <span class='ocrx_word' id='word_1_153' title='bbox 1159 2419 1270 2476; x_wconf 83' lang='lat' dir='ltr'><strong>tannen</strong></span> <span class='ocrx_word' id='word_1_154' title='bbox 1286 2406 1366 2496; x_wconf 82' lang='lat' dir='ltr'><strong>partis</strong></span> 
     </span>
     <span class='ocr_line' id='line_1_21' title="bbox 354 2503 1367 2589; baseline -0.004 -21"><span class='ocrx_word' id='word_1_155' title='bbox 354 2504 452 2589; x_wconf 86' lang='lat' dir='ltr'><strong>legati</strong></span> <span class='ocrx_word' id='word_1_156' title='bbox 478 2503 519 2568; x_wconf 90' lang='lat' dir='ltr'><strong>ad</strong></span> <span class='ocrx_word' id='word_1_157' title='bbox 541 2503 704 2569; x_wconf 88' lang='lat' dir='ltr'><strong>Romanos</strong></span> <span class='ocrx_word' id='word_1_158' title='bbox 731 2513 903 2581; x_wconf 84' lang='lat' dir='ltr'><strong>venerunt,</strong></span> <span class='ocrx_word' id='word_1_159' title='bbox 930 2513 962 2568; x_wconf 89' lang='lat' dir='ltr'><strong>et</strong></span> <span class='ocrx_word' id='word_1_160' title='bbox 982 2503 1092 2568; x_wconf 88' lang='lat' dir='ltr'><strong>exules</strong></span> <span class='ocrx_word' id='word_1_161' title='bbox 1119 2517 1367 2587; x_wconf 85' lang='lat' dir='ltr'><strong>accusatoresque</strong></span> 
     </span>
     <span class='ocr_line' id='line_1_22' title="bbox 354 2598 923 2684; baseline 0.002 -21"><span class='ocrx_word' id='word_1_162' title='bbox 354 2598 513 2663; x_wconf 89' lang='lat' dir='ltr'><strong>Ismeniae</strong></span> <span class='ocrx_word' id='word_1_163' title='bbox 531 2607 564 2663; x_wconf 89' lang='lat' dir='ltr'><strong>et</strong></span> <span class='ocrx_word' id='word_1_164' title='bbox 580 2598 737 2664; x_wconf 84' lang='lat' dir='ltr'><strong>Ismenias</strong></span> <span class='ocrx_word' id='word_1_165' title='bbox 754 2598 833 2684; x_wconf 85' lang='lat' dir='ltr'><strong>ipse.</strong></span> <span class='ocrx_word' id='word_1_166' title='bbox 921 2659 923 2664; x_wconf 89' lang='lat'><em>.</em></span> 
     </span>
    </p>

    <p class='ocr_par' dir='ltr' id='par_1_8' title="bbox 323 2689 1367 3063">
     <span class='ocr_line' id='line_1_23' title="bbox 323 2689 1367 2770; baseline -0.004 -11"><span class='ocrx_word' id='word_1_167' title='bbox 323 2713 335 2759; x_wconf 89' lang='lat'>1</span> <span class='ocrx_word' id='word_1_168' title='bbox 419 2691 649 2756; x_wconf 90' lang='lat' dir='ltr'><strong>XXXXIIII.</strong></span> <span class='ocrx_word' id='word_1_169' title='bbox 677 2690 865 2757; x_wconf 85' lang='lat' dir='ltr'><strong>Chalcidem</strong></span> <span class='ocrx_word' id='word_1_170' title='bbox 882 2702 919 2757; x_wconf 95' lang='lat' dir='ltr'><strong>ut</strong></span> <span class='ocrx_word' id='word_1_171' title='bbox 935 2702 1067 2757; x_wconf 89' lang='lat' dir='ltr'><strong>ventum</strong></span> <span class='ocrx_word' id='word_1_172' title='bbox 1080 2702 1138 2770; x_wconf 92' lang='lat' dir='ltr'><strong>est,</strong></span> <span class='ocrx_word' id='word_1_173' title='bbox 1156 2693 1292 2758; x_wconf 91' lang='lat' dir='ltr'><strong>aliarum</strong></span> <span class='ocrx_word' id='word_1_174' title='bbox 1308 2689 1367 2758; x_wconf 84' lang='lat' dir='ltr'><strong>civi·</strong></span> 
     </span>
     <span class='ocr_line' id='line_1_24' title="bbox 356 2785 1367 2874; baseline 0.001 -22"><span class='ocrx_word' id='word_1_175' title='bbox 356 2787 470 2852; x_wconf 90' lang='lat' dir='ltr'><strong>tatium</strong></span> <span class='ocrx_word' id='word_1_176' title='bbox 487 2786 656 2872; x_wconf 89' lang='lat' dir='ltr'><strong>principes,</strong></span> <span class='ocrx_word' id='word_1_177' title='bbox 675 2785 709 2849; x_wconf 94' lang='lat' dir='ltr'><strong>id</strong></span> <span class='ocrx_word' id='word_1_178' title='bbox 725 2786 811 2869; x_wconf 91' lang='lat' dir='ltr'><strong>quod</strong></span> <span class='ocrx_word' id='word_1_179' title='bbox 828 2810 979 2852; x_wconf 85' lang='lat' dir='ltr'><strong>maxume</strong></span> <span class='ocrx_word' id='word_1_180' title='bbox 996 2799 1125 2874; x_wconf 83' lang='lat' dir='ltr'><strong>gratum</strong></span> <span class='ocrx_word' id='word_1_181' title='bbox 1143 2800 1212 2853; x_wconf 89' lang='lat' dir='ltr'><strong>erat</strong></span> <span class='ocrx_word' id='word_1_182' title='bbox 1220 2786 1367 2860; x_wconf 80' lang='lat' dir='ltr'><strong>Romanis,</strong></span> 
     </span>
     <span class='ocr_line' id='line_1_25' title="bbox 356 2878 1367 2970; baseline -0.001 -24"><span class='ocrx_word' id='word_1_183' title='bbox 356 2904 414 2946; x_wconf 93' lang='lat' dir='ltr'><strong>suo</strong></span> <span class='ocrx_word' id='word_1_184' title='bbox 437 2881 555 2965; x_wconf 91' lang='lat' dir='ltr'><strong>quique</strong></span> <span class='ocrx_word' id='word_1_185' title='bbox 578 2879 705 2966; x_wconf 87' lang='lat' dir='ltr'><strong>proprie</strong></span> <span class='ocrx_word' id='word_1_186' title='bbox 729 2881 856 2947; x_wconf 89' lang='lat' dir='ltr'><strong>decreto</strong></span> <span class='ocrx_word' id='word_1_187' title='bbox 878 2882 1000 2968; x_wconf 84' lang='lat' dir='ltr'><strong>regiam</strong></span> <span class='ocrx_word' id='word_1_188' title='bbox 1022 2882 1207 2948; x_wconf 89' lang='lat' dir='ltr'><strong>societatem</strong></span> <span class='ocrx_word' id='word_1_189' title='bbox 1225 2878 1367 2970; x_wconf 85' lang='lat' dir='ltr'><strong>aspernati</strong></span> 
     </span>
     <span class='ocr_line' id='line_1_26' title="bbox 355 2974 1367 3063; baseline -0.001 -23"><span class='ocrx_word' id='word_1_190' title='bbox 355 2974 509 3041; x_wconf 88' lang='lat' dir='ltr'><strong>Romanis</strong></span> <span class='ocrx_word' id='word_1_191' title='bbox 523 2997 558 3040; x_wconf 93' lang='lat' dir='ltr'><strong>se</strong></span> <span class='ocrx_word' id='word_1_192' title='bbox 575 2975 803 3062; x_wconf 90' lang='lat' dir='ltr'><strong>adiungebant,</strong></span> <span class='ocrx_word' id='word_1_193' title='bbox 821 2976 977 3042; x_wconf 91' lang='lat' dir='ltr'><strong>Ismenias</strong></span> <span class='ocrx_word' id='word_1_194' title='bbox 995 2987 1125 3063; x_wconf 84' lang='lat' dir='ltr'><strong>gentem</strong></span> <span class='ocrx_word' id='word_1_195' title='bbox 1138 2978 1330 3043; x_wconf 89' lang='lat' dir='ltr'><strong>Boeotorum</strong></span> <span class='ocrx_word' id='word_1_196' title='bbox 1343 2976 1367 3039; x_wconf 85' lang='lat' dir='ltr'><strong>in</strong></span> 
     </span>
    </p>

    <p class='ocr_par' dir='ltr' id='par_1_9' title="bbox 323 3070 1411 3354">
     <span class='ocr_line' id='line_1_27' title="bbox 323 3070 1368 3157; baseline 0 -22"><span class='ocrx_word' id='word_1_197' title='bbox 323 3090 337 3136; x_wconf 82' lang='lat'><strong><em>2</em></strong></span> <span class='ocrx_word' id='word_1_198' title='bbox 355 3070 452 3135; x_wconf 86' lang='lat' dir='ltr'><strong>fidem</strong></span> <span class='ocrx_word' id='word_1_199' title='bbox 469 3071 688 3135; x_wconf 86' lang='lat' dir='ltr'><strong>Romanorum</strong></span> <span class='ocrx_word' id='word_1_200' title='bbox 705 3071 846 3157; x_wconf 90' lang='lat' dir='ltr'><strong>permitti</strong></span> <span class='ocrx_word' id='word_1_201' title='bbox 863 3091 977 3135; x_wconf 88' lang='lat' dir='ltr'><strong>aecum</strong></span> <span class='ocrx_word' id='word_1_202' title='bbox 995 3072 1153 3137; x_wconf 87' lang='lat' dir='ltr'><strong>censebat</strong></span> <span class='ocrx_word' id='word_1_203' title='bbox 1191 3072 1268 3139; x_wconf 92' lang='lat' dir='ltr'><strong>inde</strong></span> <span class='ocrx_word' id='word_1_204' title='bbox 1285 3081 1368 3138; x_wconf 83' lang='lat' dir='ltr'><strong>certa·</strong></span> 
     </span>
     <span class='ocr_line' id='line_1_28' title="bbox 355 3161 1410 3253; baseline -0.003 -24"><span class='ocrx_word' id='word_1_205' title='bbox 355 3165 441 3231; x_wconf 90' lang='lat' dir='ltr'><strong>mine</strong></span> <span class='ocrx_word' id='word_1_206' title='bbox 463 3177 548 3243; x_wconf 94' lang='lat' dir='ltr'><strong>orto,</strong></span> <span class='ocrx_word' id='word_1_207' title='bbox 569 3165 631 3231; x_wconf 89' lang='lat' dir='ltr'><strong>nisi</strong></span> <span class='ocrx_word' id='word_1_208' title='bbox 653 3166 687 3230; x_wconf 93' lang='lat' dir='ltr'><strong>in</strong></span> <span class='ocrx_word' id='word_1_209' title='bbox 709 3165 850 3230; x_wconf 92' lang='lat' dir='ltr'><strong>tribunal</strong></span> <span class='ocrx_word' id='word_1_210' title='bbox 866 3166 1045 3251; x_wconf 86' lang='lat' dir='ltr'><strong>legatorum</strong></span> <span class='ocrx_word' id='word_1_211' title='bbox 1067 3167 1278 3253; x_wconf 87' lang='lat' dir='ltr'><strong>perfugisset,</strong></span> <span class='ocrx_word' id='word_1_212' title='bbox 1298 3161 1410 3230; x_wconf 90' lang='lat' dir='ltr'><strong>haud</strong></span> 
     </span>
     <span class='ocr_line' id='line_1_29' title="bbox 354 3260 1411 3354; baseline -0.003 -28"><span class='ocrx_word' id='word_1_213' title='bbox 354 3263 491 3328; x_wconf 90' lang='lat' dir='ltr'><strong>multum</strong></span> <span class='ocrx_word' id='word_1_214' title='bbox 509 3262 604 3340; x_wconf 84' lang='lat' dir='ltr'><strong>afuit,</strong></span> <span class='ocrx_word' id='word_1_215' title='bbox 629 3262 707 3345; x_wconf 92' lang='lat' dir='ltr'><strong>quin</strong></span> <span class='ocrx_word' id='word_1_216' title='bbox 725 3261 766 3325; x_wconf 90' lang='lat' dir='ltr'><strong>ab</strong></span> <span class='ocrx_word' id='word_1_217' title='bbox 785 3261 932 3326; x_wconf 89' lang='lat' dir='ltr'><strong>exulibus</strong></span> <span class='ocrx_word' id='word_1_218' title='bbox 949 3260 1192 3346; x_wconf 84' lang='lat' dir='ltr'><strong>fautoribusque</strong></span> <span class='ocrx_word' id='word_1_219' title='bbox 1210 3285 1319 3328; x_wconf 86' lang='lat' dir='ltr'><strong>eorum</strong></span> <span class='ocrx_word' id='word_1_220' title='bbox 1333 3260 1370 3323; x_wconf 92' lang='lat' dir='ltr'><strong>in·</strong></span> <span class='ocrx_word' id='word_1_221' title='bbox 1402 3275 1411 3354; x_wconf 70' lang='lat' dir='ltr'><strong>q</strong></span> 
     </span>
    </p>

    <p class='ocr_par' dir='ltr' id='par_1_10' title="bbox 323 3355 1411 3537">
     <span class='ocr_line' id='line_1_30' title="bbox 323 3355 1411 3468; baseline -0.001 -49"><span class='ocrx_word' id='word_1_222' title='bbox 323 3372 337 3419; x_wconf 82' lang='lat' dir='ltr'><strong>a</strong></span> <span class='ocrx_word' id='word_1_223' title='bbox 356 3355 559 3421; x_wconf 86' lang='lat' dir='ltr'><strong>terficeretur.</strong></span> <span class='ocrx_word' id='word_1_224' title='bbox 595 3356 729 3422; x_wconf 87' lang='lat' dir='ltr'><strong>Thebae</strong></span> <span class='ocrx_word' id='word_1_225' title='bbox 747 3377 877 3441; x_wconf 93' lang='lat' dir='ltr'><strong>quoque</strong></span> <span class='ocrx_word' id='word_1_226' title='bbox 894 3355 994 3441; x_wconf 90' lang='lat' dir='ltr'><strong>ipsae,</strong></span> <span class='ocrx_word' id='word_1_227' title='bbox 1013 3357 1099 3441; x_wconf 94' lang='lat' dir='ltr'><strong>quod</strong></span> <span class='ocrx_word' id='word_1_228' title='bbox 1115 3357 1272 3424; x_wconf 89' lang='lat' dir='ltr'><strong>Boeotiae</strong></span> <span class='ocrx_word' id='word_1_229' title='bbox 1290 3364 1411 3468; x_wconf 89' lang='lat' dir='ltr'><strong>caput</strong></span> 
     </span>
     <span class='ocr_line' id='line_1_31' title="bbox 356 3449 1410 3537; baseline -0.006 -21"><span class='ocrx_word' id='word_1_230' title='bbox 356 3463 413 3528; x_wconf 89' lang='lat' dir='ltr'><strong>est,</strong></span> <span class='ocrx_word' id='word_1_231' title='bbox 431 3450 465 3514; x_wconf 95' lang='lat' dir='ltr'><strong>in</strong></span> <span class='ocrx_word' id='word_1_232' title='bbox 482 3472 600 3535; x_wconf 86' lang='lat' dir='ltr'><strong>magno</strong></span> <span class='ocrx_word' id='word_1_233' title='bbox 617 3463 707 3516; x_wconf 90' lang='lat' dir='ltr'><strong>motu</strong></span> <span class='ocrx_word' id='word_1_234' title='bbox 721 3463 821 3528; x_wconf 88' lang='lat' dir='ltr'><strong>erant,</strong></span> <span class='ocrx_word' id='word_1_235' title='bbox 839 3452 897 3515; x_wconf 84' lang='lat' dir='ltr'><strong>alis</strong></span> <span class='ocrx_word' id='word_1_236' title='bbox 911 3450 953 3515; x_wconf 91' lang='lat' dir='ltr'><strong>ad</strong></span> <span class='ocrx_word' id='word_1_237' title='bbox 970 3474 1078 3537; x_wconf 84' lang='lat' dir='ltr'><strong>regem</strong></span> <span class='ocrx_word' id='word_1_238' title='bbox 1096 3450 1333 3518; x_wconf 86' lang='lat' dir='ltr'><strong>trahentibus&#39;</strong></span> <span class='ocrx_word' id='word_1_239' title='bbox 1310 3449 1410 3516; x_wconf 84' lang='lat' dir='ltr'><strong>crvi-</strong></span> <span class='ocrx_word' id='word_1_240' title='bbox 1409 3501 1410 3510; x_wconf 73' lang='grc'>,</span> 
     </span>
    </p>

    <p class='ocr_par' dir='ltr' id='par_1_11' title="bbox 322 3543 1380 4200">
     <span class='ocr_line' id='line_1_32' title="bbox 322 3543 1373 3621; baseline -0.004 -9"><span class='ocrx_word' id='word_1_241' title='bbox 322 3555 464 3621; x_wconf 68' lang='lat' dir='ltr'><strong>statem,</strong></span> <span class='ocrx_word' id='word_1_242' title='bbox 483 3544 541 3608; x_wconf 86' lang='lat' dir='ltr'><strong>alis</strong></span> <span class='ocrx_word' id='word_1_243' title='bbox 559 3545 601 3610; x_wconf 92' lang='lat' dir='ltr'><strong>ad</strong></span> <span class='ocrx_word' id='word_1_244' title='bbox 609 3545 780 3611; x_wconf 88' lang='lat' dir='ltr'><strong>Romanos</strong></span> <span class='ocrx_word' id='word_1_245' title='bbox 809 3557 871 3611; x_wconf 86' lang='lat' dir='ltr'><strong>ett</strong></span> <span class='ocrx_word' id='word_1_246' title='bbox 858 3547 952 3611; x_wconf 91' lang='lat' dir='ltr'><strong>urba</strong></span> <span class='ocrx_word' id='word_1_247' title='bbox 962 3543 1203 3611; x_wconf 87' lang='lat' dir='ltr'><strong>Coronaeorum</strong></span> <span class='ocrx_word' id='word_1_248' title='bbox 1212 3545 1373 3613; x_wconf 87' lang='lat' dir='ltr'><strong>Haliartio-</strong></span> 
     </span>
     <span class='ocr_line' id='line_1_33' title="bbox 355 3637 1374 3727; baseline 0.004 -23"><span class='ocrx_word' id='word_1_249' title='bbox 355 3659 492 3723; x_wconf 90' lang='lat' dir='ltr'><strong>rumque</strong></span> <span class='ocrx_word' id='word_1_250' title='bbox 502 3637 568 3726; x_wconf 81' lang='lat' dir='ltr'><strong>[eo]</strong></span> <span class='ocrx_word' id='word_1_251' title='bbox 580 3651 772 3706; x_wconf 84' lang='lat' dir='ltr'><strong>convenerat</strong></span> <span class='ocrx_word' id='word_1_252' title='bbox 789 3640 831 3705; x_wconf 87' lang='lat' dir='ltr'><strong>ad</strong></span> <span class='ocrx_word' id='word_1_253' title='bbox 846 3640 1082 3706; x_wconf 89' lang='lat' dir='ltr'><strong>defendendum</strong></span> <span class='ocrx_word' id='word_1_254' title='bbox 1096 3642 1261 3707; x_wconf 88' lang='lat' dir='ltr'><strong>decretum</strong></span> <span class='ocrx_word' id='word_1_255' title='bbox 1279 3639 1374 3727; x_wconf 74' lang='lat' dir='ltr'><strong>regiae</strong></span> 
     </span>
     <span class='ocr_line' id='line_1_34' title="bbox 357 3734 1375 3821; baseline 0.001 -23"><span class='ocrx_word' id='word_1_256' title='bbox 357 3734 525 3799; x_wconf 87' lang='lat' dir='ltr'><strong>societatis.</strong></span> <span class='ocrx_word' id='word_1_257' title='bbox 570 3736 627 3800; x_wconf 91' lang='lat' dir='ltr'><strong>sed</strong></span> <span class='ocrx_word' id='word_1_258' title='bbox 645 3735 822 3801; x_wconf 88' lang='lat' dir='ltr'><strong>constantia</strong></span> <span class='ocrx_word' id='word_1_259' title='bbox 838 3734 1020 3821; x_wconf 88' lang='lat' dir='ltr'><strong>principum</strong></span> <span class='ocrx_word' id='word_1_260' title='bbox 1038 3735 1224 3801; x_wconf 91' lang='lat' dir='ltr'><strong>docentium</strong></span> <span class='ocrx_word' id='word_1_261' title='bbox 1242 3736 1375 3802; x_wconf 77' lang='lat' dir='ltr'><strong>cladibus</strong></span> 
     </span>
     <span class='ocr_line' id='line_1_35' title="bbox 356 3825 1376 3917; baseline -0.003 -25"><span class='ocrx_word' id='word_1_262' title='bbox 356 3828 499 3915; x_wconf 90' lang='lat' dir='ltr'><strong>Philippi</strong></span> <span class='ocrx_word' id='word_1_263' title='bbox 515 3829 749 3914; x_wconf 85' lang='lat' dir='ltr'><strong>Antiochique,</strong></span> <span class='ocrx_word' id='word_1_264' title='bbox 772 3840 892 3913; x_wconf 87' lang='lat' dir='ltr'><strong>quanta</strong></span> <span class='ocrx_word' id='word_1_265' title='bbox 910 3842 994 3895; x_wconf 89' lang='lat' dir='ltr'><strong>esset</strong></span> <span class='ocrx_word' id='word_1_266' title='bbox 1011 3830 1060 3895; x_wconf 87' lang='lat' dir='ltr'><strong>vis</strong></span> <span class='ocrx_word' id='word_1_267' title='bbox 1078 3840 1110 3895; x_wconf 89' lang='lat' dir='ltr'><strong>et</strong></span> <span class='ocrx_word' id='word_1_268' title='bbox 1127 3830 1259 3896; x_wconf 89' lang='lat' dir='ltr'><strong>fortuna</strong></span> <span class='ocrx_word' id='word_1_269' title='bbox 1276 3825 1376 3917; x_wconf 85' lang='lat' dir='ltr'><strong>imperi</strong></span> 
     </span>
     <span class='ocr_line' id='line_1_36' title="bbox 355 3923 1378 4010; baseline -0.002 -22"><span class='ocrx_word' id='word_1_270' title='bbox 355 3923 507 4001; x_wconf 85' lang='lat' dir='ltr'><strong>Romani,</strong></span> <span class='ocrx_word' id='word_1_271' title='bbox 533 3924 619 3988; x_wconf 85' lang='lat' dir='ltr'><strong>victa</strong></span> <span class='ocrx_word' id='word_1_272' title='bbox 644 3923 773 3989; x_wconf 88' lang='lat' dir='ltr'><strong>tandem</strong></span> <span class='ocrx_word' id='word_1_273' title='bbox 798 3923 969 3989; x_wconf 89' lang='lat' dir='ltr'><strong>multitudo</strong></span> <span class='ocrx_word' id='word_1_274' title='bbox 991 3935 1023 3990; x_wconf 90' lang='lat' dir='ltr'><strong>et</strong></span> <span class='ocrx_word' id='word_1_275' title='bbox 1048 3935 1085 3989; x_wconf 93' lang='lat' dir='ltr'><strong>ut</strong></span> <span class='ocrx_word' id='word_1_276' title='bbox 1112 3924 1278 3990; x_wconf 89' lang='lat' dir='ltr'><strong>tolleretur</strong></span> <span class='ocrx_word' id='word_1_277' title='bbox 1300 3923 1378 4010; x_wconf 86' lang='lat' dir='ltr'><strong>regia</strong></span> 
     </span>
     <span class='ocr_line' id='line_1_37' title="bbox 356 4017 1379 4106; baseline 0.001 -23"><span class='ocrx_word' id='word_1_278' title='bbox 356 4018 491 4083; x_wconf 88' lang='lat' dir='ltr'><strong>societas</strong></span> <span class='ocrx_word' id='word_1_279' title='bbox 510 4017 650 4083; x_wconf 90' lang='lat' dir='ltr'><strong>decrevit</strong></span> <span class='ocrx_word' id='word_1_280' title='bbox 672 4028 704 4083; x_wconf 88' lang='lat' dir='ltr'><strong>et</strong></span> <span class='ocrx_word' id='word_1_281' title='bbox 721 4041 775 4084; x_wconf 93' lang='lat' dir='ltr'><strong>eos</strong></span> <span class='ocrx_word' id='word_1_282' title='bbox 798 4018 855 4102; x_wconf 91' lang='lat' dir='ltr'><strong>qui</strong></span> <span class='ocrx_word' id='word_1_283' title='bbox 877 4029 1021 4086; x_wconf 89' lang='lat' dir='ltr'><strong>auctores</strong></span> <span class='ocrx_word' id='word_1_284' title='bbox 1045 4018 1257 4106; x_wconf 88' lang='lat' dir='ltr'><strong>paciscendae</strong></span> <span class='ocrx_word' id='word_1_285' title='bbox 1280 4017 1379 4085; x_wconf 86' lang='lat' dir='ltr'><strong>amici·</strong></span> 
     </span>
     <span class='ocr_line' id='line_1_38' title="bbox 356 4110 1380 4200; baseline -0.002 -23"><span class='ocrx_word' id='word_1_286' title='bbox 356 4113 419 4178; x_wconf 89' lang='lat' dir='ltr'><strong>tiae</strong></span> <span class='ocrx_word' id='word_1_287' title='bbox 446 4113 573 4177; x_wconf 89' lang='lat' dir='ltr'><strong>fuerant</strong></span> <span class='ocrx_word' id='word_1_288' title='bbox 600 4110 642 4176; x_wconf 88' lang='lat' dir='ltr'><strong>ad</strong></span> <span class='ocrx_word' id='word_1_289' title='bbox 669 4112 929 4178; x_wconf 87' lang='lat' dir='ltr'><strong>satisfaciendum</strong></span> <span class='ocrx_word' id='word_1_290' title='bbox 950 4114 1065 4200; x_wconf 85' lang='lat' dir='ltr'><strong>legatis</strong></span> <span class='ocrx_word' id='word_1_291' title='bbox 1089 4112 1279 4179; x_wconf 87' lang='lat' dir='ltr'><strong>Chalcidem</strong></span> <span class='ocrx_word' id='word_1_292' title='bbox 1302 4113 1380 4179; x_wconf 87' lang='lat' dir='ltr'><strong>misit</strong></span> 
     </span>
    </p>

    <p class='ocr_par' dir='ltr' id='par_1_12' title="bbox 323 4207 1382 4392">
     <span class='ocr_line' id='line_1_39' title="bbox 323 4207 1380 4293; baseline 0 -20"><span class='ocrx_word' id='word_1_293' title='bbox 323 4227 338 4273; x_wconf 79' lang='lat' dir='ltr'>o</span> <span class='ocrx_word' id='word_1_294' title='bbox 355 4207 495 4290; x_wconf 88' lang='lat' dir='ltr'><strong>fideique</strong></span> <span class='ocrx_word' id='word_1_295' title='bbox 517 4208 695 4293; x_wconf 85' lang='lat' dir='ltr'><strong>legatorum</strong></span> <span class='ocrx_word' id='word_1_296' title='bbox 718 4208 924 4274; x_wconf 89' lang='lat' dir='ltr'><strong>conmendari</strong></span> <span class='ocrx_word' id='word_1_297' title='bbox 943 4209 1103 4276; x_wconf 89' lang='lat' dir='ltr'><strong>civitatem</strong></span> <span class='ocrx_word' id='word_1_298' title='bbox 1119 4209 1222 4274; x_wconf 84' lang='lat' dir='ltr'><strong>iussit</strong></span> <span class='ocrx_word' id='word_1_299' title='bbox 1259 4210 1380 4276; x_wconf 84' lang='lat' dir='ltr'><strong>Theba·</strong></span> 
     </span>
     <span class='ocr_line' id='line_1_40' title="bbox 357 4303 1382 4392; baseline 0.006 -26"><span class='ocrx_word' id='word_1_300' title='bbox 357 4325 416 4367; x_wconf 91' lang='lat' dir='ltr'><strong>nos</strong></span> <span class='ocrx_word' id='word_1_301' title='bbox 433 4303 577 4369; x_wconf 88' lang='lat' dir='ltr'><strong>Marcius</strong></span> <span class='ocrx_word' id='word_1_302' title='bbox 596 4314 627 4368; x_wconf 90' lang='lat' dir='ltr'><strong>et</strong></span> <span class='ocrx_word' id='word_1_303' title='bbox 645 4304 764 4369; x_wconf 88' lang='lat' dir='ltr'><strong>Atilius</strong></span> <span class='ocrx_word' id='word_1_304' title='bbox 781 4305 857 4370; x_wconf 89' lang='lat' dir='ltr'><strong>laeti</strong></span> <span class='ocrx_word' id='word_1_305' title='bbox 875 4304 1044 4371; x_wconf 83' lang='lat' dir='ltr'><strong>audienmt</strong></span> <span class='ocrx_word' id='word_1_306' title='bbox 1061 4317 1271 4392; x_wconf 81' lang='lat' dir='ltr'><strong>auctoresque</strong></span> <span class='ocrx_word' id='word_1_307' title='bbox 1290 4307 1382 4377; x_wconf 91' lang='lat' dir='ltr'><strong>ethis</strong></span> 
     </span>
    </p>
   </div>
   <div class='ocr_carea' id='block_1_3' title="bbox 0 0 1692 5092">
    <p class='ocr_par' dir='ltr' id='par_1_13' title="bbox 0 0 1692 5092">
     <span class='ocr_line' id='line_1_41' title="bbox 0 0 1692 5092; baseline 0 0"><span class='ocrx_word' id='word_1_308' title='bbox 0 0 1692 5092; x_wconf 95' lang='lat' dir='ltr'><strong> </strong></span> 
     </span>
    </p>
   </div>
  </div>
 </body>
</html>
