<?xml version="1.0" encoding="UTF-8"?>
<!DOCTYPE html PUBLIC "-//W3C//DTD XHTML 1.0 Transitional//EN"
    "http://www.w3.org/TR/xhtml1/DTD/xhtml1-transitional.dtd">
<html xmlns="http://www.w3.org/1999/xhtml" xml:lang="en" lang="en">
 <head>
  <title>
</title>
<meta http-equiv="Content-Type" content="text/html;charset=utf-8" />
  <meta name='ocr-system' content='tesseract 3.04.00' />
  <meta name='ocr-capabilities' content='ocr_page ocr_carea ocr_par ocr_line ocrx_word'/>
</head>
<body>
  <div class='ocr_page' id='page_1' title='image "./titiliviaburbec02weisgoog_0226.png"; bbox 0 0 3359 5092; ppageno 0'>
   <div class='ocr_carea' id='block_1_1' title="bbox 346 524 1147 600">
    <p class='ocr_par' dir='ltr' id='par_1_1' title="bbox 346 524 1147 600">
     <span class='ocr_line' id='line_1_1' title="bbox 346 524 1147 600; baseline -0.004 -10"><span class='ocrx_word' id='word_1_1' title='bbox 346 524 408 590; x_wconf 81' lang='lat'>152</span> <span class='ocrx_word' id='word_1_2' title='bbox 566 533 683 589; x_wconf 86' lang='lat' dir='ltr'>LIBER</span> <span class='ocrx_word' id='word_1_3' title='bbox 699 533 855 600; x_wconf 86' lang='lat' dir='ltr'>XXXXV,</span> <span class='ocrx_word' id='word_1_4' title='bbox 878 534 902 585; x_wconf 94' lang='lat'>1.</span> <span class='ocrx_word' id='word_1_5' title='bbox 914 533 941 586; x_wconf 76' lang='lat'>2.</span> <span class='ocrx_word' id='word_1_6' title='bbox 961 550 998 600; x_wconf 53' lang='lat' dir='ltr'>[a</span> <span class='ocrx_word' id='word_1_7' title='bbox 1009 533 1147 599; x_wconf 62' lang='lat' dir='ltr'>uetat]</span> 
     </span>
    </p>
   </div>
   <div class='ocr_carea' id='block_1_2' title="bbox 297 689 1379 4346">
    <p class='ocr_par' dir='ltr' id='par_1_2' title="bbox 311 689 1379 1063">
     <span class='ocr_line' id='line_1_2' title="bbox 311 689 1378 779; baseline -0.007 -19"><span class='ocrx_word' id='word_1_8' title='bbox 311 718 327 766; x_wconf 84' lang='lat' dir='ltr'>a</span> <span class='ocrx_word' id='word_1_9' title='bbox 345 695 478 760; x_wconf 85' lang='lat' dir='ltr'>tabellas</span> <span class='ocrx_word' id='word_1_10' title='bbox 494 694 614 779; x_wconf 91' lang='lat' dir='ltr'>populo</span> <span class='ocrx_word' id='word_1_11' title='bbox 628 691 775 755; x_wconf 76' lang='lat' dir='ltr'><strong>ostendit.</strong></span> <span class='ocrx_word' id='word_1_12' title='bbox 802 689 918 772; x_wconf 91' lang='lat' dir='ltr'>quibus</span> <span class='ocrx_word' id='word_1_13' title='bbox 932 690 1109 774; x_wconf 79' lang='lat' dir='ltr'>conspectis</span> <span class='ocrx_word' id='word_1_14' title='bbox 1123 702 1251 776; x_wconf 90' lang='lat' dir='ltr'>repente</span> <span class='ocrx_word' id='word_1_15' title='bbox 1266 689 1344 754; x_wconf 76' lang='lat' dir='ltr'>inme</span> <span class='ocrx_word' id='word_1_16' title='bbox 1376 701 1378 752; x_wconf 59' lang='grc' dir='ltr'>ἲ</span> 
     </span>
     <span class='ocr_line' id='line_1_3' title="bbox 345 782 1378 873; baseline -0.011 -20"><span class='ocrx_word' id='word_1_17' title='bbox 345 811 416 853; x_wconf 89' lang='lat' dir='ltr'>mor</span> <span class='ocrx_word' id='word_1_18' title='bbox 433 786 606 873; x_wconf 80' lang='lat' dir='ltr'>spectaculi</span> <span class='ocrx_word' id='word_1_19' title='bbox 623 785 761 870; x_wconf 88' lang='lat' dir='ltr'>populus</span> <span class='ocrx_word' id='word_1_20' title='bbox 778 784 812 847; x_wconf 91' lang='lat' dir='ltr'>in</span> <span class='ocrx_word' id='word_1_21' title='bbox 829 782 971 846; x_wconf 91' lang='lat' dir='ltr'>medium</span> <span class='ocrx_word' id='word_1_22' title='bbox 989 783 1137 847; x_wconf 83' lang='lat' dir='ltr'>decurrit.</span> <span class='ocrx_word' id='word_1_23' title='bbox 1170 805 1209 847; x_wconf 92' lang='lat' dir='ltr'>eo</span> <span class='ocrx_word' id='word_1_24' title='bbox 1226 799 1344 848; x_wconf 76' lang='lat' dir='ltr'>seusun</span> <span class='ocrx_word' id='word_1_25' title='bbox 1376 787 1378 842; x_wconf 81' lang='lat' dir='ltr'>l</span> 
     </span>
     <span class='ocr_line' id='line_1_4' title="bbox 346 851 1379 962; baseline -0.006 -15"><span class='ocrx_word' id='word_1_26' title='bbox 346 882 456 947; x_wconf 92' lang='lat' dir='ltr'>consul</span> <span class='ocrx_word' id='word_1_27' title='bbox 475 880 600 945; x_wconf 79' lang='lat' dir='ltr'>vocavit</span> <span class='ocrx_word' id='word_1_28' title='bbox 617 879 821 961; x_wconf 86' lang='lat' dir='ltr'>recitatisque</span> <span class='ocrx_word' id='word_1_29' title='bbox 838 877 963 941; x_wconf 80' lang='lat' dir='ltr'>tabellis</span> <span class='ocrx_word' id='word_1_30' title='bbox 981 899 1022 941; x_wconf 91' lang='lat' dir='ltr'>ex</span> <span class='ocrx_word' id='word_1_31' title='bbox 1039 878 1226 943; x_wconf 89' lang='lat' dir='ltr'>auctoritate</span> <span class='ocrx_word' id='word_1_32' title='bbox 1242 894 1344 962; x_wconf 84' lang='lat' dir='ltr'>patrum</span> <span class='ocrx_word' id='word_1_33' title='bbox 1374 851 1379 920; x_wconf 67' lang='lat' dir='ltr'>l</span> 
     </span>
     <span class='ocr_line' id='line_1_5' title="bbox 345 971 1379 1063; baseline -0.005 -24"><span class='ocrx_word' id='word_1_34' title='bbox 345 998 403 1063; x_wconf 91' lang='lat' dir='ltr'>pro</span> <span class='ocrx_word' id='word_1_35' title='bbox 421 975 498 1039; x_wconf 85' lang='lat' dir='ltr'>foris</span> <span class='ocrx_word' id='word_1_36' title='bbox 520 974 657 1061; x_wconf 89' lang='lat' dir='ltr'>publicis</span> <span class='ocrx_word' id='word_1_37' title='bbox 681 972 881 1036; x_wconf 84' lang='lat' dir='ltr'>denuntiavit</span> <span class='ocrx_word' id='word_1_38' title='bbox 917 972 1049 1057; x_wconf 92' lang='lat' dir='ltr'>populo,</span> <span class='ocrx_word' id='word_1_39' title='bbox 1059 973 1102 1038; x_wconf 88' lang='lat' dir='ltr'>L.</span> <span class='ocrx_word' id='word_1_40' title='bbox 1114 971 1284 1036; x_wconf 81' lang='lat' dir='ltr'>Aemilium</span> <span class='ocrx_word' id='word_1_41' title='bbox 1301 971 1345 1036; x_wconf 82' lang='lat' dir='ltr'>ool</span> <span class='ocrx_word' id='word_1_42' title='bbox 1371 989 1379 1042; x_wconf 68' lang='lat' dir='ltr'>t</span> 
     </span>
    </p>

    <p class='ocr_par' dir='ltr' id='par_1_3' title="bbox 312 1065 1346 1343">
     <span class='ocr_line' id='line_1_6' title="bbox 312 1065 1346 1155; baseline -0.004 -20"><span class='ocrx_word' id='word_1_43' title='bbox 312 1095 327 1143; x_wconf 85' lang='lat'><strong>9</strong></span> <span class='ocrx_word' id='word_1_44' title='bbox 346 1072 451 1155; x_wconf 90' lang='lat' dir='ltr'>legam</span> <span class='ocrx_word' id='word_1_45' title='bbox 469 1069 568 1154; x_wconf 92' lang='lat' dir='ltr'>signis</span> <span class='ocrx_word' id='word_1_46' title='bbox 587 1068 719 1132; x_wconf 87' lang='lat' dir='ltr'>conlatis</span> <span class='ocrx_word' id='word_1_47' title='bbox 737 1089 811 1132; x_wconf 88' lang='lat' dir='ltr'>oum</span> <span class='ocrx_word' id='word_1_48' title='bbox 830 1089 908 1152; x_wconf 91' lang='lat' dir='ltr'>rege</span> <span class='ocrx_word' id='word_1_49' title='bbox 924 1065 1044 1131; x_wconf 85' lang='lat' dir='ltr'>Perseo</span> <span class='ocrx_word' id='word_1_50' title='bbox 1061 1090 1238 1152; x_wconf 82' lang='lat' dir='ltr'>pugnasse3</span> <span class='ocrx_word' id='word_1_51' title='bbox 1259 1067 1346 1131; x_wconf 78' lang='lat' dir='ltr'>Mace·</span> 
     </span>
     <span class='ocr_line' id='line_1_7' title="bbox 347 1160 1346 1245; baseline -0.005 -17"><span class='ocrx_word' id='word_1_52' title='bbox 347 1166 467 1228; x_wconf 90' lang='lat' dir='ltr'>donum</span> <span class='ocrx_word' id='word_1_53' title='bbox 484 1163 658 1227; x_wconf 87' lang='lat' dir='ltr'>exercitum</span> <span class='ocrx_word' id='word_1_54' title='bbox 675 1184 804 1227; x_wconf 90' lang='lat' dir='ltr'>caesum</span> <span class='ocrx_word' id='word_1_55' title='bbox 826 1162 1012 1243; x_wconf 83' lang='lat' dir='ltr'>fusumque3</span> <span class='ocrx_word' id='word_1_56' title='bbox 1034 1183 1144 1245; x_wconf 88' lang='lat' dir='ltr'>regem</span> <span class='ocrx_word' id='word_1_57' title='bbox 1167 1183 1240 1225; x_wconf 91' lang='lat' dir='ltr'>cum</span> <span class='ocrx_word' id='word_1_58' title='bbox 1262 1160 1346 1245; x_wconf 80' lang='lat' dir='ltr'>paucis</span> 
     </span>
     <span class='ocr_line' id='line_1_8' title="bbox 346 1253 1346 1343; baseline -0.005 -21"><span class='ocrx_word' id='word_1_59' title='bbox 346 1258 484 1343; x_wconf 82' lang='lat' dir='ltr'>fugisse,</span> <span class='ocrx_word' id='word_1_60' title='bbox 507 1257 652 1322; x_wconf 85' lang='lat' dir='ltr'>civitates</span> <span class='ocrx_word' id='word_1_61' title='bbox 674 1277 784 1321; x_wconf 80' lang='lat' dir='ltr'>omnes</span> <span class='ocrx_word' id='word_1_62' title='bbox 802 1254 1014 1319; x_wconf 84' lang='lat' dir='ltr'>Macedoniae</span> <span class='ocrx_word' id='word_1_63' title='bbox 1030 1255 1064 1318; x_wconf 92' lang='lat' dir='ltr'>in</span> <span class='ocrx_word' id='word_1_64' title='bbox 1082 1255 1240 1320; x_wconf 87' lang='lat' dir='ltr'>dicionem</span> <span class='ocrx_word' id='word_1_65' title='bbox 1261 1253 1346 1341; x_wconf 90' lang='lat' dir='ltr'>populi</span> 
     </span>
    </p>

    <p class='ocr_par' dir='ltr' id='par_1_4' title="bbox 298 1349 1347 1529">
     <span class='ocr_line' id='line_1_9' title="bbox 298 1349 1347 1434; baseline -0.006 -17"><span class='ocrx_word' id='word_1_66' title='bbox 298 1379 331 1428; x_wconf 89' lang='lat'>10</span> <span class='ocrx_word' id='word_1_67' title='bbox 347 1351 487 1417; x_wconf 87' lang='lat' dir='ltr'>Romani</span> <span class='ocrx_word' id='word_1_68' title='bbox 503 1350 639 1416; x_wconf 89' lang='lat' dir='ltr'>venisse.</span> <span class='ocrx_word' id='word_1_69' title='bbox 682 1350 732 1414; x_wconf 92' lang='lat' dir='ltr'>bis</span> <span class='ocrx_word' id='word_1_70' title='bbox 751 1349 867 1414; x_wconf 90' lang='lat' dir='ltr'>auditis</span> <span class='ocrx_word' id='word_1_71' title='bbox 885 1350 1004 1413; x_wconf 88' lang='lat' dir='ltr'>clamor</span> <span class='ocrx_word' id='word_1_72' title='bbox 1022 1371 1094 1413; x_wconf 92' lang='lat' dir='ltr'>cum</span> <span class='ocrx_word' id='word_1_73' title='bbox 1112 1349 1236 1434; x_wconf 86' lang='lat' dir='ltr'>ingenti</span> <span class='ocrx_word' id='word_1_74' title='bbox 1257 1351 1347 1434; x_wconf 85' lang='lat' dir='ltr'>plausu</span> 
     </span>
     <span class='ocr_line' id='line_1_10' title="bbox 347 1443 1347 1529; baseline -0.005 -19"><span class='ocrx_word' id='word_1_75' title='bbox 347 1459 449 1523; x_wconf 89' lang='lat' dir='ltr'>ortus;</span> <span class='ocrx_word' id='word_1_76' title='bbox 466 1445 551 1510; x_wconf 88' lang='lat' dir='ltr'>ludis</span> <span class='ocrx_word' id='word_1_77' title='bbox 568 1445 685 1510; x_wconf 89' lang='lat' dir='ltr'>relictis</span> <span class='ocrx_word' id='word_1_78' title='bbox 699 1444 813 1508; x_wconf 92' lang='lat' dir='ltr'>domus</span> <span class='ocrx_word' id='word_1_79' title='bbox 830 1466 949 1529; x_wconf 89' lang='lat' dir='ltr'>magna</span> <span class='ocrx_word' id='word_1_80' title='bbox 965 1466 1039 1529; x_wconf 87' lang='lat' dir='ltr'>pars</span> <span class='ocrx_word' id='word_1_81' title='bbox 1057 1443 1223 1507; x_wconf 92' lang='lat' dir='ltr'>bominum</span> <span class='ocrx_word' id='word_1_82' title='bbox 1240 1443 1279 1507; x_wconf 88' lang='lat' dir='ltr'>ad</span> <span class='ocrx_word' id='word_1_83' title='bbox 1295 1464 1347 1507; x_wconf 79' lang='lat' dir='ltr'>cor</span> 
     </span>
    </p>

    <p class='ocr_par' dir='ltr' id='par_1_5' title="bbox 297 1536 1347 1717">
     <span class='ocr_line' id='line_1_11' title="bbox 297 1536 1347 1625; baseline -0.005 -20"><span class='ocrx_word' id='word_1_84' title='bbox 297 1568 328 1616; x_wconf 86' lang='lat'>11</span> <span class='ocrx_word' id='word_1_85' title='bbox 347 1540 440 1625; x_wconf 89' lang='lat' dir='ltr'>iuges</span> <span class='ocrx_word' id='word_1_86' title='bbox 458 1536 522 1625; x_wconf 92' lang='lat' dir='ltr'>[et]</span> <span class='ocrx_word' id='word_1_87' title='bbox 539 1539 655 1603; x_wconf 88' lang='lat' dir='ltr'>liberos</span> <span class='ocrx_word' id='word_1_88' title='bbox 672 1539 793 1603; x_wconf 88' lang='lat' dir='ltr'>laetum</span> <span class='ocrx_word' id='word_1_89' title='bbox 810 1539 958 1602; x_wconf 90' lang='lat' dir='ltr'>nuntium</span> <span class='ocrx_word' id='word_1_90' title='bbox 975 1538 1154 1623; x_wconf 86' lang='lat' dir='ltr'>portabant.</span> <span class='ocrx_word' id='word_1_91' title='bbox 1190 1539 1296 1603; x_wconf 88' lang='lat' dir='ltr'>tertius</span> <span class='ocrx_word' id='word_1_92' title='bbox 1311 1537 1347 1600; x_wconf 82' lang='lat' dir='ltr'>dt·</span> 
     </span>
     <span class='ocr_line' id='line_1_12' title="bbox 347 1632 1345 1717; baseline -0.003 -19"><span class='ocrx_word' id='word_1_93' title='bbox 347 1634 448 1699; x_wconf 90' lang='lat' dir='ltr'>cimus</span> <span class='ocrx_word' id='word_1_94' title='bbox 468 1633 535 1698; x_wconf 88' lang='lat' dir='ltr'>dies</span> <span class='ocrx_word' id='word_1_95' title='bbox 552 1643 622 1696; x_wconf 89' lang='lat' dir='ltr'>erat</span> <span class='ocrx_word' id='word_1_96' title='bbox 638 1632 680 1697; x_wconf 89' lang='lat' dir='ltr'>ab</span> <span class='ocrx_word' id='word_1_97' title='bbox 698 1655 751 1709; x_wconf 91' lang='lat' dir='ltr'>eo,</span> <span class='ocrx_word' id='word_1_98' title='bbox 775 1654 839 1716; x_wconf 92' lang='lat' dir='ltr'>quo</span> <span class='ocrx_word' id='word_1_99' title='bbox 856 1632 890 1695; x_wconf 89' lang='lat' dir='ltr'>in</span> <span class='ocrx_word' id='word_1_100' title='bbox 906 1632 1100 1696; x_wconf 87' lang='lat' dir='ltr'>Macedonia</span> <span class='ocrx_word' id='word_1_101' title='bbox 1116 1644 1293 1717; x_wconf 89' lang='lat' dir='ltr'>pugnatum</span> <span class='ocrx_word' id='word_1_102' title='bbox 1308 1640 1345 1695; x_wconf 81' lang='lat' dir='ltr'>est</span> 
     </span>
    </p>

    <p class='ocr_par' dir='ltr' id='par_1_6' title="bbox 316 1725 1347 2001">
     <span class='ocr_line' id='line_1_13' title="bbox 316 1725 1347 1812; baseline -0.005 -20"><span class='ocrx_word' id='word_1_103' title='bbox 316 1757 329 1803; x_wconf 86' lang='lat'>1</span> <span class='ocrx_word' id='word_1_104' title='bbox 412 1728 457 1792; x_wconf 92' lang='grc' dir='ltr'>Π.</span> <span class='ocrx_word' id='word_1_105' title='bbox 483 1726 618 1792; x_wconf 91' lang='lat' dir='ltr'>Postero</span> <span class='ocrx_word' id='word_1_106' title='bbox 636 1727 688 1791; x_wconf 92' lang='lat' dir='ltr'>die</span> <span class='ocrx_word' id='word_1_107' title='bbox 706 1740 834 1791; x_wconf 89' lang='lat' dir='ltr'>senatus</span> <span class='ocrx_word' id='word_1_108' title='bbox 852 1727 886 1790; x_wconf 89' lang='lat' dir='ltr'>in</span> <span class='ocrx_word' id='word_1_109' title='bbox 903 1726 991 1791; x_wconf 85' lang='lat' dir='ltr'>curia</span> <span class='ocrx_word' id='word_1_110' title='bbox 1008 1727 1151 1803; x_wconf 89' lang='lat' dir='ltr'>babitus,</span> <span class='ocrx_word' id='word_1_111' title='bbox 1170 1725 1347 1812; x_wconf 86' lang='lat' dir='ltr'>supplicatio·</span> 
     </span>
     <span class='ocr_line' id='line_1_14' title="bbox 346 1820 1346 1907; baseline -0.007 -20"><span class='ocrx_word' id='word_1_112' title='bbox 346 1846 468 1907; x_wconf 88' lang='lat' dir='ltr'>nesque</span> <span class='ocrx_word' id='word_1_113' title='bbox 490 1822 651 1899; x_wconf 88' lang='lat' dir='ltr'>decretae,</span> <span class='ocrx_word' id='word_1_114' title='bbox 679 1833 711 1887; x_wconf 88' lang='lat' dir='ltr'>et</span> <span class='ocrx_word' id='word_1_115' title='bbox 739 1832 868 1886; x_wconf 90' lang='lat' dir='ltr'>senatus</span> <span class='ocrx_word' id='word_1_116' title='bbox 896 1822 1076 1887; x_wconf 88' lang='lat' dir='ltr'>consultum</span> <span class='ocrx_word' id='word_1_117' title='bbox 1100 1820 1223 1885; x_wconf 85' lang='lat' dir='ltr'>factum</span> <span class='ocrx_word' id='word_1_118' title='bbox 1250 1829 1346 1895; x_wconf 84' lang='lat' dir='ltr'>est,ut</span> 
     </span>
     <span class='ocr_line' id='line_1_15' title="bbox 347 1915 1345 2001; baseline -0.006 -19"><span class='ocrx_word' id='word_1_119' title='bbox 347 1917 468 1993; x_wconf 91' lang='lat' dir='ltr'>consul,</span> <span class='ocrx_word' id='word_1_120' title='bbox 486 1938 567 2000; x_wconf 88' lang='lat' dir='ltr'>quos</span> <span class='ocrx_word' id='word_1_121' title='bbox 584 1926 710 2001; x_wconf 89' lang='lat' dir='ltr'>praeter</span> <span class='ocrx_word' id='word_1_122' title='bbox 726 1915 842 1979; x_wconf 83' lang='lat' dir='ltr'>milites</span> <span class='ocrx_word' id='word_1_123' title='bbox 861 1915 1027 1999; x_wconf 90' lang='lat' dir='ltr'>sociosque</span> <span class='ocrx_word' id='word_1_124' title='bbox 1044 1916 1175 1979; x_wconf 89' lang='lat' dir='ltr'>navales</span> <span class='ocrx_word' id='word_1_125' title='bbox 1194 1916 1345 1978; x_wconf 79' lang='lat' dir='ltr'>coniuratos</span> 
     </span>
    </p>

    <p class='ocr_par' dir='ltr' id='par_1_7' title="bbox 314 2005 1346 2189">
     <span class='ocr_line' id='line_1_16' title="bbox 314 2005 1346 2092; baseline -0.006 -19"><span class='ocrx_word' id='word_1_126' title='bbox 314 2037 330 2084; x_wconf 85' lang='lat'>2</span> <span class='ocrx_word' id='word_1_127' title='bbox 347 2009 489 2087; x_wconf 91' lang='lat' dir='ltr'>haberet,</span> <span class='ocrx_word' id='word_1_128' title='bbox 504 2009 688 2074; x_wconf 89' lang='lat' dir='ltr'>dimitteret:</span> <span class='ocrx_word' id='word_1_129' title='bbox 708 2010 748 2074; x_wconf 89' lang='lat' dir='ltr'>de</span> <span class='ocrx_word' id='word_1_130' title='bbox 761 2010 915 2074; x_wconf 88' lang='lat' dir='ltr'>militibus</span> <span class='ocrx_word' id='word_1_131' title='bbox 928 2012 1073 2092; x_wconf 84' lang='lat' dir='ltr'>socisque</span> <span class='ocrx_word' id='word_1_132' title='bbox 1086 2009 1254 2073; x_wconf 86' lang='lat' dir='ltr'>navalibus</span> <span class='ocrx_word' id='word_1_133' title='bbox 1267 2005 1346 2071; x_wconf 86' lang='lat' dir='ltr'>dimit·</span> 
     </span>
     <span class='ocr_line' id='line_1_17' title="bbox 348 2103 1346 2189; baseline -0.007 -20"><span class='ocrx_word' id='word_1_134' title='bbox 348 2105 452 2169; x_wconf 88' lang='lat' dir='ltr'>tendis</span> <span class='ocrx_word' id='word_1_135' title='bbox 475 2104 659 2180; x_wconf 87' lang='lat' dir='ltr'>referretur,</span> <span class='ocrx_word' id='word_1_136' title='bbox 686 2127 759 2169; x_wconf 92' lang='lat' dir='ltr'>cum</span> <span class='ocrx_word' id='word_1_137' title='bbox 780 2104 880 2189; x_wconf 86' lang='lat' dir='ltr'>legati</span> <span class='ocrx_word' id='word_1_138' title='bbox 901 2105 942 2168; x_wconf 90' lang='lat' dir='ltr'>ab</span> <span class='ocrx_word' id='word_1_139' title='bbox 960 2104 1001 2167; x_wconf 90' lang='lat' dir='ltr'>L.</span> <span class='ocrx_word' id='word_1_140' title='bbox 1019 2104 1159 2168; x_wconf 89' lang='lat' dir='ltr'>Aemilio</span> <span class='ocrx_word' id='word_1_141' title='bbox 1183 2103 1316 2176; x_wconf 90' lang='lat' dir='ltr'>consule,</span> <span class='ocrx_word' id='word_1_142' title='bbox 1333 2120 1346 2162; x_wconf 79' lang='lat' dir='ltr'>s</span> 
     </span>
    </p>

    <p class='ocr_par' dir='ltr' id='par_1_8' title="bbox 316 2196 1345 2566">
     <span class='ocr_line' id='line_1_18' title="bbox 316 2196 1345 2284; baseline -0.003 -22"><span class='ocrx_word' id='word_1_143' title='bbox 316 2199 467 2282; x_wconf 71' lang='lat' dir='ltr'>aquibus</span> <span class='ocrx_word' id='word_1_144' title='bbox 493 2199 686 2283; x_wconf 84' lang='lat' dir='ltr'>praemissus</span> <span class='ocrx_word' id='word_1_145' title='bbox 712 2200 896 2263; x_wconf 87' lang='lat' dir='ltr'>tabellarius</span> <span class='ocrx_word' id='word_1_146' title='bbox 923 2209 1019 2275; x_wconf 89' lang='lat' dir='ltr'>esset,</span> <span class='ocrx_word' id='word_1_147' title='bbox 1051 2196 1251 2284; x_wconf 89' lang='lat' dir='ltr'>[venissent].</span> <span class='ocrx_word' id='word_1_148' title='bbox 1295 2207 1345 2259; x_wconf 80' lang='lat' dir='ltr'>ante</span> 
     </span>
     <span class='ocr_line' id='line_1_19' title="bbox 348 2290 1345 2378; baseline -0.004 -21"><span class='ocrx_word' id='word_1_149' title='bbox 348 2294 433 2358; x_wconf 89' lang='lat' dir='ltr'>diem</span> <span class='ocrx_word' id='word_1_150' title='bbox 456 2305 582 2358; x_wconf 85' lang='lat' dir='ltr'>sextum</span> <span class='ocrx_word' id='word_1_151' title='bbox 598 2292 662 2357; x_wconf 89' lang='lat' dir='ltr'>kal.</span> <span class='ocrx_word' id='word_1_152' title='bbox 682 2290 840 2358; x_wconf 88' lang='lat' dir='ltr'>Octobres</span> <span class='ocrx_word' id='word_1_153' title='bbox 862 2293 941 2357; x_wconf 90' lang='lat' dir='ltr'>hora</span> <span class='ocrx_word' id='word_1_154' title='bbox 958 2293 1024 2357; x_wconf 86' lang='lat' dir='ltr'>fere</span> <span class='ocrx_word' id='word_1_155' title='bbox 1042 2292 1184 2357; x_wconf 88' lang='lat' dir='ltr'>secunda</span> <span class='ocrx_word' id='word_1_156' title='bbox 1206 2293 1298 2378; x_wconf 88' lang='lat' dir='ltr'>legati</span> <span class='ocrx_word' id='word_1_157' title='bbox 1311 2310 1345 2353; x_wconf 87' lang='lat' dir='ltr'>ur·</span> 
     </span>
     <span class='ocr_line' id='line_1_20' title="bbox 348 2387 1345 2472; baseline -0.005 -20"><span class='ocrx_word' id='word_1_158' title='bbox 348 2388 422 2453; x_wconf 93' lang='lat' dir='ltr'>bem</span> <span class='ocrx_word' id='word_1_159' title='bbox 439 2388 574 2472; x_wconf 87' lang='lat' dir='ltr'>ingressi</span> <span class='ocrx_word' id='word_1_160' title='bbox 591 2399 680 2464; x_wconf 83' lang='lat' dir='ltr'>sunt3</span> <span class='ocrx_word' id='word_1_161' title='bbox 701 2387 866 2472; x_wconf 91' lang='lat' dir='ltr'>ingentem</span> <span class='ocrx_word' id='word_1_162' title='bbox 888 2410 997 2452; x_wconf 89' lang='lat' dir='ltr'>secum</span> <span class='ocrx_word' id='word_1_163' title='bbox 1019 2388 1266 2463; x_wconf 89' lang='lat' dir='ltr'>occurrentium,</span> <span class='ocrx_word' id='word_1_164' title='bbox 1290 2405 1345 2468; x_wconf 77' lang='lat' dir='ltr'>qut·</span> 
     </span>
     <span class='ocr_line' id='line_1_21' title="bbox 349 2476 1331 2566; baseline -0.002 -19"><span class='ocrx_word' id='word_1_165' title='bbox 349 2503 486 2565; x_wconf 90' lang='lat' dir='ltr'>cumque</span> <span class='ocrx_word' id='word_1_166' title='bbox 512 2482 618 2557; x_wconf 88' lang='lat' dir='ltr'>ibant,</span> <span class='ocrx_word' id='word_1_167' title='bbox 650 2482 974 2566; x_wconf 87' lang='lat' dir='ltr'>prosequentiumque</span> <span class='ocrx_word' id='word_1_168' title='bbox 1000 2481 1162 2545; x_wconf 89' lang='lat' dir='ltr'>trahentes</span> <span class='ocrx_word' id='word_1_169' title='bbox 1189 2476 1331 2545; x_wconf 80' lang='lat' dir='ltr'>turbam&#39;</span> 
     </span>
    </p>

    <p class='ocr_par' dir='ltr' id='par_1_9' title="bbox 316 2570 1345 2942">
     <span class='ocr_line' id='line_1_22' title="bbox 316 2570 1345 2661; baseline -0.004 -21"><span class='ocrx_word' id='word_1_170' title='bbox 316 2577 454 2647; x_wconf 72' lang='lat' dir='ltr'>riorum</span> <span class='ocrx_word' id='word_1_171' title='bbox 482 2576 524 2639; x_wconf 92' lang='lat' dir='ltr'>ad</span> <span class='ocrx_word' id='word_1_172' title='bbox 550 2576 670 2640; x_wconf 89' lang='lat' dir='ltr'>curiam</span> <span class='ocrx_word' id='word_1_173' title='bbox 694 2587 912 2661; x_wconf 86' lang='lat' dir='ltr'>perrexerunt.</span> <span class='ocrx_word' id='word_1_174' title='bbox 962 2588 1090 2641; x_wconf 89' lang='lat' dir='ltr'>senatus</span> <span class='ocrx_word' id='word_1_175' title='bbox 1117 2576 1201 2640; x_wconf 82' lang='lat' dir='ltr'>forte</span> <span class='ocrx_word' id='word_1_176' title='bbox 1227 2578 1259 2640; x_wconf 93' lang='lat' dir='ltr'>in</span> <span class='ocrx_word' id='word_1_177' title='bbox 1283 2570 1345 2639; x_wconf 70' lang='lat' dir='ltr'>ourh</span> 
     </span>
     <span class='ocr_line' id='line_1_23' title="bbox 349 2664 1344 2755; baseline -0.007 -20"><span class='ocrx_word' id='word_1_178' title='bbox 349 2681 431 2747; x_wconf 82' lang='lat' dir='ltr'>erat3</span> <span class='ocrx_word' id='word_1_179' title='bbox 454 2692 492 2734; x_wconf 92' lang='lat' dir='ltr'>eo</span> <span class='ocrx_word' id='word_1_180' title='bbox 513 2670 636 2755; x_wconf 88' lang='lat' dir='ltr'>legatos</span> <span class='ocrx_word' id='word_1_181' title='bbox 654 2669 765 2734; x_wconf 88' lang='lat' dir='ltr'>consul</span> <span class='ocrx_word' id='word_1_182' title='bbox 786 2671 971 2735; x_wconf 88' lang='lat' dir='ltr'>introduxit.</span> <span class='ocrx_word' id='word_1_183' title='bbox 1015 2670 1060 2734; x_wconf 90' lang='lat' dir='ltr'>ibi</span> <span class='ocrx_word' id='word_1_184' title='bbox 1078 2682 1203 2735; x_wconf 86' lang='lat' dir='ltr'>tantum</span> <span class='ocrx_word' id='word_1_185' title='bbox 1226 2664 1344 2753; x_wconf 71' lang='lat' dir='ltr'>tempori</span> 
     </span>
     <span class='ocr_line' id='line_1_24' title="bbox 348 2757 1344 2849; baseline -0.003 -23"><span class='ocrx_word' id='word_1_186' title='bbox 348 2757 473 2838; x_wconf 88' lang='lat' dir='ltr'>retenti,</span> <span class='ocrx_word' id='word_1_187' title='bbox 491 2763 567 2827; x_wconf 92' lang='lat' dir='ltr'>dum</span> <span class='ocrx_word' id='word_1_188' title='bbox 586 2776 781 2849; x_wconf 87' lang='lat' dir='ltr'>exponerent</span> <span class='ocrx_word' id='word_1_189' title='bbox 797 2777 935 2847; x_wconf 87' lang='lat' dir='ltr'>quantae</span> <span class='ocrx_word' id='word_1_190' title='bbox 953 2764 1060 2849; x_wconf 88' lang='lat' dir='ltr'>regiae</span> <span class='ocrx_word' id='word_1_191' title='bbox 1077 2762 1218 2849; x_wconf 86' lang='lat' dir='ltr'>[copiae]</span> <span class='ocrx_word' id='word_1_192' title='bbox 1232 2763 1344 2849; x_wconf 74' lang='lat' dir='ltr'>peditur</span> 
     </span>
     <span class='ocr_line' id='line_1_25' title="bbox 351 2856 1345 2942; baseline -0.001 -21"><span class='ocrx_word' id='word_1_193' title='bbox 351 2857 556 2939; x_wconf 89' lang='lat' dir='ltr'>equitumque</span> <span class='ocrx_word' id='word_1_194' title='bbox 573 2856 718 2933; x_wconf 87' lang='lat' dir='ltr'>fuissent,</span> <span class='ocrx_word' id='word_1_195' title='bbox 737 2869 816 2942; x_wconf 89' lang='lat' dir='ltr'>quot</span> <span class='ocrx_word' id='word_1_196' title='bbox 832 2858 921 2921; x_wconf 88' lang='lat' dir='ltr'>milia</span> <span class='ocrx_word' id='word_1_197' title='bbox 938 2880 978 2921; x_wconf 86' lang='lat' dir='ltr'>ex</span> <span class='ocrx_word' id='word_1_198' title='bbox 996 2858 1044 2921; x_wconf 91' lang='lat' dir='ltr'>his</span> <span class='ocrx_word' id='word_1_199' title='bbox 1063 2880 1167 2933; x_wconf 88' lang='lat' dir='ltr'>caesa,</span> <span class='ocrx_word' id='word_1_200' title='bbox 1187 2871 1262 2942; x_wconf 91' lang='lat' dir='ltr'>quot</span> <span class='ocrx_word' id='word_1_201' title='bbox 1279 2864 1345 2939; x_wconf 69' lang='lat' dir='ltr'>capt!</span> 
     </span>
    </p>

    <p class='ocr_par' dir='ltr' id='par_1_10' title="bbox 316 2950 1344 3224">
     <span class='ocr_line' id='line_1_26' title="bbox 316 2950 1344 3035; baseline -0.003 -22"><span class='ocrx_word' id='word_1_202' title='bbox 316 2973 332 3020; x_wconf 80' lang='lat'><strong>5</strong></span> <span class='ocrx_word' id='word_1_203' title='bbox 351 2950 477 3025; x_wconf 84' lang='lat' dir='ltr'>forent,</span> <span class='ocrx_word' id='word_1_204' title='bbox 496 2970 593 3032; x_wconf 90' lang='lat' dir='ltr'>quam</span> <span class='ocrx_word' id='word_1_205' title='bbox 614 2973 789 3035; x_wconf 89' lang='lat' dir='ltr'>paucorum</span> <span class='ocrx_word' id='word_1_206' title='bbox 813 2952 950 3015; x_wconf 90' lang='lat' dir='ltr'>militum</span> <span class='ocrx_word' id='word_1_207' title='bbox 973 2952 1096 3015; x_wconf 88' lang='lat' dir='ltr'>iactura</span> <span class='ocrx_word' id='word_1_208' title='bbox 1122 2963 1212 3017; x_wconf 86' lang='lat' dir='ltr'>tanta</span> <span class='ocrx_word' id='word_1_209' title='bbox 1237 2950 1344 3015; x_wconf 77' lang='lat' dir='ltr'>hostiur</span> 
     </span>
     <span class='ocr_line' id='line_1_27' title="bbox 351 3043 1344 3129; baseline 0 -22"><span class='ocrx_word' id='word_1_210' title='bbox 351 3055 472 3129; x_wconf 88' lang='lat' dir='ltr'>strages</span> <span class='ocrx_word' id='word_1_211' title='bbox 486 3043 582 3120; x_wconf 86' lang='lat' dir='ltr'>facta,</span> <span class='ocrx_word' id='word_1_212' title='bbox 600 3066 698 3127; x_wconf 90' lang='lat' dir='ltr'>quam</span> <span class='ocrx_word' id='word_1_213' title='bbox 714 3045 830 3129; x_wconf 89' lang='lat' dir='ltr'>pavide</span> <span class='ocrx_word' id='word_1_214' title='bbox 843 3068 900 3109; x_wconf 88' lang='lat' dir='ltr'>rex</span> <span class='ocrx_word' id='word_1_215' title='bbox 914 3044 1059 3129; x_wconf 86' lang='lat' dir='ltr'>fugisset,</span> <span class='ocrx_word' id='word_1_216' title='bbox 1078 3045 1250 3109; x_wconf 88' lang='lat' dir='ltr'>existimari</span> <span class='ocrx_word' id='word_1_217' title='bbox 1261 3044 1344 3110; x_wconf 67' lang='lat' dir='ltr'>samo·</span> 
     </span>
     <span class='ocr_line' id='line_1_28' title="bbox 351 3137 1343 3224; baseline -0.004 -23"><span class='ocrx_word' id='word_1_218' title='bbox 351 3137 504 3203; x_wconf 86' lang='lat' dir='ltr'>thraciam</span> <span class='ocrx_word' id='word_1_219' title='bbox 526 3138 714 3222; x_wconf 91' lang='lat' dir='ltr'>petiturum,</span> <span class='ocrx_word' id='word_1_220' title='bbox 741 3150 885 3224; x_wconf 88' lang='lat' dir='ltr'>paratam</span> <span class='ocrx_word' id='word_1_221' title='bbox 908 3138 1042 3202; x_wconf 89' lang='lat' dir='ltr'>classem</span> <span class='ocrx_word' id='word_1_222' title='bbox 1059 3138 1101 3202; x_wconf 90' lang='lat' dir='ltr'>ad</span> <span class='ocrx_word' id='word_1_223' title='bbox 1118 3137 1343 3223; x_wconf 72' lang='lat' dir='ltr'>persequendum</span> 
     </span>
    </p>

    <p class='ocr_par' dir='ltr' id='par_1_11' title="bbox 317 3231 1344 3601">
     <span class='ocr_line' id='line_1_29' title="bbox 317 3231 1343 3318; baseline -0.005 -21"><span class='ocrx_word' id='word_1_224' title='bbox 317 3257 332 3304; x_wconf 83' lang='lat'><strong>6</strong></span> <span class='ocrx_word' id='word_1_225' title='bbox 351 3255 434 3308; x_wconf 90' lang='lat' dir='ltr'>esse,</span> <span class='ocrx_word' id='word_1_226' title='bbox 461 3254 566 3315; x_wconf 91' lang='lat' dir='ltr'>neque</span> <span class='ocrx_word' id='word_1_227' title='bbox 590 3243 674 3297; x_wconf 89' lang='lat' dir='ltr'>terra</span> <span class='ocrx_word' id='word_1_228' title='bbox 691 3254 796 3316; x_wconf 91' lang='lat' dir='ltr'>neque</span> <span class='ocrx_word' id='word_1_229' title='bbox 814 3232 895 3296; x_wconf 90' lang='lat' dir='ltr'>mari</span> <span class='ocrx_word' id='word_1_230' title='bbox 917 3232 1001 3296; x_wconf 86' lang='lat' dir='ltr'>elabi</span> <span class='ocrx_word' id='word_1_231' title='bbox 1023 3254 1132 3318; x_wconf 89' lang='lat' dir='ltr'>posse,</span> <span class='ocrx_word' id='word_1_232' title='bbox 1161 3234 1272 3298; x_wconf 88' lang='lat' dir='ltr'>eadem</span> <span class='ocrx_word' id='word_1_233' title='bbox 1291 3231 1343 3293; x_wconf 71' lang='lat' dir='ltr'>has</span> 
     </span>
     <span class='ocr_line' id='line_1_30' title="bbox 351 3326 1344 3412; baseline -0.006 -22"><span class='ocrx_word' id='word_1_234' title='bbox 351 3326 447 3412; x_wconf 89' lang='lat' dir='ltr'>paulo</span> <span class='ocrx_word' id='word_1_235' title='bbox 465 3337 539 3410; x_wconf 88' lang='lat' dir='ltr'>post</span> <span class='ocrx_word' id='word_1_236' title='bbox 555 3326 589 3389; x_wconf 91' lang='lat' dir='ltr'>in</span> <span class='ocrx_word' id='word_1_237' title='bbox 607 3326 786 3391; x_wconf 90' lang='lat' dir='ltr'>contionem</span> <span class='ocrx_word' id='word_1_238' title='bbox 804 3326 942 3390; x_wconf 87' lang='lat' dir='ltr'>traducti</span> <span class='ocrx_word' id='word_1_239' title='bbox 960 3339 1191 3411; x_wconf 85' lang='lat' dir='ltr'>exposuerunt3</span> <span class='ocrx_word' id='word_1_240' title='bbox 1210 3335 1344 3392; x_wconf 75' lang='lat' dir='ltr'>renovata·</span> 
     </span>
     <span class='ocr_line' id='line_1_31' title="bbox 351 3420 1343 3503; baseline -0.004 -20"><span class='ocrx_word' id='word_1_241' title='bbox 351 3442 415 3503; x_wconf 92' lang='lat' dir='ltr'>que</span> <span class='ocrx_word' id='word_1_242' title='bbox 432 3420 562 3495; x_wconf 87' lang='lat' dir='ltr'>laetitia,</span> <span class='ocrx_word' id='word_1_243' title='bbox 579 3443 654 3484; x_wconf 93' lang='lat' dir='ltr'>cum</span> <span class='ocrx_word' id='word_1_244' title='bbox 668 3421 778 3485; x_wconf 88' lang='lat' dir='ltr'>consul</span> <span class='ocrx_word' id='word_1_245' title='bbox 796 3422 956 3496; x_wconf 89' lang='lat' dir='ltr'>edixisset,</span> <span class='ocrx_word' id='word_1_246' title='bbox 974 3433 1011 3485; x_wconf 88' lang='lat' dir='ltr'>ut</span> <span class='ocrx_word' id='word_1_247' title='bbox 1024 3443 1135 3485; x_wconf 89' lang='lat' dir='ltr'>omnes</span> <span class='ocrx_word' id='word_1_248' title='bbox 1154 3422 1250 3486; x_wconf 88' lang='lat' dir='ltr'>aedes</span> <span class='ocrx_word' id='word_1_249' title='bbox 1266 3430 1343 3483; x_wconf 73' lang='lat' dir='ltr'>saort</span> 
     </span>
     <span class='ocr_line' id='line_1_32' title="bbox 351 3514 1343 3601; baseline 0.003 -24"><span class='ocrx_word' id='word_1_250' title='bbox 351 3514 558 3598; x_wconf 85' lang='lat' dir='ltr'>aperirentur,</span> <span class='ocrx_word' id='word_1_251' title='bbox 576 3537 634 3598; x_wconf 91' lang='lat' dir='ltr'>pro</span> <span class='ocrx_word' id='word_1_252' title='bbox 652 3538 685 3579; x_wconf 91' lang='lat' dir='ltr'>se</span> <span class='ocrx_word' id='word_1_253' title='bbox 703 3516 839 3599; x_wconf 89' lang='lat' dir='ltr'>quisque</span> <span class='ocrx_word' id='word_1_254' title='bbox 858 3538 898 3579; x_wconf 91' lang='lat' dir='ltr'>ex</span> <span class='ocrx_word' id='word_1_255' title='bbox 917 3516 1062 3579; x_wconf 91' lang='lat' dir='ltr'>contione</span> <span class='ocrx_word' id='word_1_256' title='bbox 1081 3516 1123 3579; x_wconf 92' lang='lat' dir='ltr'>ad</span> <span class='ocrx_word' id='word_1_257' title='bbox 1140 3517 1260 3601; x_wconf 88' lang='lat' dir='ltr'>gratias</span> <span class='ocrx_word' id='word_1_258' title='bbox 1275 3529 1343 3597; x_wconf 71' lang='lat' dir='ltr'>aget·</span> 
     </span>
    </p>

    <p class='ocr_par' dir='ltr' id='par_1_12' title="bbox 319 3594 1344 3789">
     <span class='ocr_line' id='line_1_33' title="bbox 319 3594 1344 3693; baseline 0.003 -22"><span class='ocrx_word' id='word_1_259' title='bbox 319 3607 410 3677; x_wconf 73' lang='lat' dir='ltr'>adas</span> <span class='ocrx_word' id='word_1_260' title='bbox 434 3608 481 3671; x_wconf 92' lang='lat' dir='ltr'>ire</span> <span class='ocrx_word' id='word_1_261' title='bbox 502 3608 565 3684; x_wconf 86' lang='lat' dir='ltr'>dis,</span> <span class='ocrx_word' id='word_1_262' title='bbox 590 3609 775 3693; x_wconf 84' lang='lat' dir='ltr'>ingentique</span> <span class='ocrx_word' id='word_1_263' title='bbox 802 3610 897 3674; x_wconf 90' lang='lat' dir='ltr'>turba</span> <span class='ocrx_word' id='word_1_264' title='bbox 922 3632 987 3674; x_wconf 92' lang='lat' dir='ltr'>non</span> <span class='ocrx_word' id='word_1_265' title='bbox 1017 3611 1158 3673; x_wconf 87' lang='lat' dir='ltr'>virorum</span> <span class='ocrx_word' id='word_1_266' title='bbox 1184 3611 1288 3684; x_wconf 92' lang='lat' dir='ltr'>modo,</span> <span class='ocrx_word' id='word_1_267' title='bbox 1309 3594 1344 3667; x_wconf 66' lang='lat' dir='ltr'>ul</span> 
     </span>
     <span class='ocr_line' id='line_1_34' title="bbox 352 3700 1344 3789; baseline -0.003 -23"><span class='ocrx_word' id='word_1_268' title='bbox 352 3702 449 3766; x_wconf 84' lang='lat' dir='ltr'>etiam</span> <span class='ocrx_word' id='word_1_269' title='bbox 469 3700 659 3767; x_wconf 87' lang='lat' dir='ltr'>feminarum</span> <span class='ocrx_word' id='word_1_270' title='bbox 683 3704 825 3769; x_wconf 85' lang='lat' dir='ltr'>conferta</span> <span class='ocrx_word' id='word_1_271' title='bbox 845 3702 941 3789; x_wconf 88' lang='lat' dir='ltr'>[tota]</span> <span class='ocrx_word' id='word_1_272' title='bbox 960 3705 1039 3769; x_wconf 91' lang='lat' dir='ltr'>urbe</span> <span class='ocrx_word' id='word_1_273' title='bbox 1058 3704 1193 3768; x_wconf 88' lang='lat' dir='ltr'>deorum</span> <span class='ocrx_word' id='word_1_274' title='bbox 1217 3706 1344 3768; x_wconf 71' lang='lat' dir='ltr'>immortt</span> 
     </span>
    </p>

    <p class='ocr_par' dir='ltr' id='par_1_13' title="bbox 319 3796 1346 4072">
     <span class='ocr_line' id='line_1_35' title="bbox 319 3796 1345 3885; baseline 0 -27"><span class='ocrx_word' id='word_1_275' title='bbox 319 3817 335 3866; x_wconf 86' lang='lat'><em>8</em></span> <span class='ocrx_word' id='word_1_276' title='bbox 353 3796 432 3859; x_wconf 93' lang='lat' dir='ltr'>lium</span> <span class='ocrx_word' id='word_1_277' title='bbox 450 3797 577 3882; x_wconf 88' lang='lat' dir='ltr'>templa.</span> <span class='ocrx_word' id='word_1_278' title='bbox 606 3810 734 3862; x_wconf 87' lang='lat' dir='ltr'>senatus</span> <span class='ocrx_word' id='word_1_279' title='bbox 753 3811 920 3863; x_wconf 86' lang='lat' dir='ltr'>revocatus</span> <span class='ocrx_word' id='word_1_280' title='bbox 938 3800 972 3862; x_wconf 87' lang='lat' dir='ltr'>in</span> <span class='ocrx_word' id='word_1_281' title='bbox 990 3799 1111 3863; x_wconf 86' lang='lat' dir='ltr'>curiam</span> <span class='ocrx_word' id='word_1_282' title='bbox 1130 3799 1345 3885; x_wconf 74' lang='lat' dir='ltr'>supplicatione</span> 
     </span>
     <span class='ocr_line' id='line_1_36' title="bbox 353 3890 1346 3977; baseline 0 -24"><span class='ocrx_word' id='word_1_283' title='bbox 353 3891 394 3954; x_wconf 91' lang='lat' dir='ltr'>ob</span> <span class='ocrx_word' id='word_1_284' title='bbox 412 3912 480 3954; x_wconf 88' lang='lat' dir='ltr'>rem</span> <span class='ocrx_word' id='word_1_285' title='bbox 497 3892 625 3975; x_wconf 82' lang='lat' dir='ltr'>egregie</span> <span class='ocrx_word' id='word_1_286' title='bbox 642 3906 767 3977; x_wconf 85' lang='lat' dir='ltr'>gestam</span> <span class='ocrx_word' id='word_1_287' title='bbox 781 3894 821 3957; x_wconf 92' lang='lat' dir='ltr'>ab</span> <span class='ocrx_word' id='word_1_288' title='bbox 832 3892 873 3957; x_wconf 88' lang='lat' dir='ltr'>L.</span> <span class='ocrx_word' id='word_1_289' title='bbox 884 3893 1023 3958; x_wconf 83' lang='lat' dir='ltr'>Aemilio</span> <span class='ocrx_word' id='word_1_290' title='bbox 1038 3896 1167 3958; x_wconf 90' lang='lat' dir='ltr'>consule</span> <span class='ocrx_word' id='word_1_291' title='bbox 1185 3895 1219 3958; x_wconf 92' lang='lat' dir='ltr'>in</span> <span class='ocrx_word' id='word_1_292' title='bbox 1238 3890 1346 3975; x_wconf 73' lang='lat' dir='ltr'>quinque</span> 
     </span>
     <span class='ocr_line' id='line_1_37' title="bbox 354 3983 1346 4072; baseline -0.002 -25"><span class='ocrx_word' id='word_1_293' title='bbox 354 3984 421 4049; x_wconf 87' lang='lat' dir='ltr'>dies</span> <span class='ocrx_word' id='word_1_294' title='bbox 440 3984 524 4048; x_wconf 88' lang='lat' dir='ltr'>circa</span> <span class='ocrx_word' id='word_1_295' title='bbox 541 3985 648 4049; x_wconf 89' lang='lat' dir='ltr'>omnia</span> <span class='ocrx_word' id='word_1_296' title='bbox 664 3988 844 4072; x_wconf 88' lang='lat' dir='ltr'>pulvinaria</span> <span class='ocrx_word' id='word_1_297' title='bbox 862 3988 1002 4052; x_wconf 91' lang='lat' dir='ltr'>decrevit</span> <span class='ocrx_word' id='word_1_298' title='bbox 1024 3988 1188 4071; x_wconf 83' lang='lat' dir='ltr'>hostisque</span> <span class='ocrx_word' id='word_1_299' title='bbox 1207 3983 1346 4052; x_wconf 73' lang='lat' dir='ltr'>maioribtt</span> 
     </span>
    </p>

    <p class='ocr_par' dir='ltr' id='par_1_14' title="bbox 319 4078 1350 4261">
     <span class='ocr_line' id='line_1_38' title="bbox 319 4078 1349 4166; baseline -0.004 -19"><span class='ocrx_word' id='word_1_300' title='bbox 319 4100 334 4147; x_wconf 83' lang='grc'>9</span> <span class='ocrx_word' id='word_1_301' title='bbox 354 4078 524 4143; x_wconf 85' lang='lat' dir='ltr'>sacrificari</span> <span class='ocrx_word' id='word_1_302' title='bbox 545 4080 645 4143; x_wconf 90' lang='lat' dir='ltr'>iussit.</span> <span class='ocrx_word' id='word_1_303' title='bbox 688 4103 787 4145; x_wconf 90' lang='lat' dir='ltr'>naves</span> <span class='ocrx_word' id='word_1_304' title='bbox 814 4103 896 4164; x_wconf 87' lang='lat' dir='ltr'>quae</span> <span class='ocrx_word' id='word_1_305' title='bbox 922 4082 956 4145; x_wconf 90' lang='lat' dir='ltr'>in</span> <span class='ocrx_word' id='word_1_306' title='bbox 978 4081 1087 4146; x_wconf 83' lang='lat' dir='ltr'>Tiberi</span> <span class='ocrx_word' id='word_1_307' title='bbox 1109 4096 1241 4166; x_wconf 90' lang='lat' dir='ltr'>paratae</span> <span class='ocrx_word' id='word_1_308' title='bbox 1262 4082 1349 4143; x_wconf 72' lang='lat' dir='ltr'>inser</span> 
     </span>
     <span class='ocr_line' id='line_1_39' title="bbox 354 4168 1350 4261; baseline -0.002 -24"><span class='ocrx_word' id='word_1_309' title='bbox 354 4185 486 4257; x_wconf 87' lang='lat' dir='ltr'>ctaeque</span> <span class='ocrx_word' id='word_1_310' title='bbox 504 4175 640 4251; x_wconf 89' lang='lat' dir='ltr'>stabant,</span> <span class='ocrx_word' id='word_1_311' title='bbox 658 4186 709 4251; x_wconf 88' lang='lat' dir='ltr'>ut,</span> <span class='ocrx_word' id='word_1_312' title='bbox 727 4176 753 4239; x_wconf 93' lang='lat' dir='ltr'>si</span> <span class='ocrx_word' id='word_1_313' title='bbox 771 4199 821 4240; x_wconf 90' lang='lat' dir='ltr'>res</span> <span class='ocrx_word' id='word_1_314' title='bbox 840 4188 994 4261; x_wconf 86' lang='lat' dir='ltr'>posceret,</span> <span class='ocrx_word' id='word_1_315' title='bbox 1012 4176 1046 4240; x_wconf 91' lang='lat' dir='ltr'>in</span> <span class='ocrx_word' id='word_1_316' title='bbox 1063 4176 1286 4240; x_wconf 88' lang='lat' dir='ltr'>Macedoniam</span> <span class='ocrx_word' id='word_1_317' title='bbox 1301 4168 1350 4235; x_wconf 79' lang='lat' dir='ltr'>mil·</span> 
     </span>
    </p>

    <p class='ocr_par' dir='ltr' id='par_1_15' title="bbox 305 4261 1352 4346">
     <span class='ocr_line' id='line_1_40' title="bbox 305 4261 1352 4346; baseline -0.004 -14"><span class='ocrx_word' id='word_1_318' title='bbox 305 4286 337 4332; x_wconf 88' lang='lat'>10</span> <span class='ocrx_word' id='word_1_319' title='bbox 355 4279 503 4344; x_wconf 82' lang='lat' dir='ltr'>terantur,</span> <span class='ocrx_word' id='word_1_320' title='bbox 522 4269 658 4333; x_wconf 90' lang='lat' dir='ltr'>subduci</span> <span class='ocrx_word' id='word_1_321' title='bbox 671 4281 702 4334; x_wconf 89' lang='lat' dir='ltr'>et</span> <span class='ocrx_word' id='word_1_322' title='bbox 720 4268 754 4333; x_wconf 91' lang='lat' dir='ltr'>in</span> <span class='ocrx_word' id='word_1_323' title='bbox 766 4270 932 4334; x_wconf 89' lang='lat' dir='ltr'>navalibus</span> <span class='ocrx_word' id='word_1_324' title='bbox 947 4270 1115 4346; x_wconf 89' lang='lat' dir='ltr'>conlocari,</span> <span class='ocrx_word' id='word_1_325' title='bbox 1135 4270 1239 4334; x_wconf 89' lang='lat' dir='ltr'>socios</span> <span class='ocrx_word' id='word_1_326' title='bbox 1256 4261 1352 4333; x_wconf 76' lang='lat' dir='ltr'>navalis</span> 
     </span>
    </p>
   </div>
   <div class='ocr_carea' id='block_1_3' title="bbox 0 0 1684 5092">
    <p class='ocr_par' dir='ltr' id='par_1_16' title="bbox 0 0 1684 5092">
     <span class='ocr_line' id='line_1_41' title="bbox 0 0 1684 5092; baseline 0 0"><span class='ocrx_word' id='word_1_327' title='bbox 0 0 1684 5092; x_wconf 95' lang='lat' dir='ltr'> </span> 
     </span>
    </p>
   </div>
  </div>
 </body>
</html>
