<?xml version="1.0" encoding="UTF-8"?>
<!DOCTYPE html PUBLIC "-//W3C//DTD XHTML 1.0 Transitional//EN"
    "http://www.w3.org/TR/xhtml1/DTD/xhtml1-transitional.dtd">
<html xmlns="http://www.w3.org/1999/xhtml" xml:lang="en" lang="en">
 <head>
  <title>
</title>
<meta http-equiv="Content-Type" content="text/html;charset=utf-8" />
  <meta name='ocr-system' content='tesseract 3.04.00' />
  <meta name='ocr-capabilities' content='ocr_page ocr_carea ocr_par ocr_line ocrx_word'/>
</head>
<body>
  <div class='ocr_page' id='page_1' title='image "./titiliviaburbec02weisgoog_0240.png"; bbox 0 0 3359 5092; ppageno 0'>
   <div class='ocr_carea' id='block_1_1' title="bbox 331 535 1159 619">
    <p class='ocr_par' dir='ltr' id='par_1_1' title="bbox 331 535 1159 619">
     <span class='ocr_line' id='line_1_1' title="bbox 331 535 1159 619; baseline 0.005 -17"><span class='ocrx_word' id='word_1_1' title='bbox 331 535 395 603; x_wconf 90' lang='grc'><strong>166</strong></span> <span class='ocrx_word' id='word_1_2' title='bbox 532 547 652 606; x_wconf 77' lang='lat' dir='ltr'><strong>maan</strong></span> <span class='ocrx_word' id='word_1_3' title='bbox 667 548 824 619; x_wconf 83' lang='lat' dir='ltr'><strong>xxxxv,</strong></span> <span class='ocrx_word' id='word_1_4' title='bbox 843 548 955 604; x_wconf 76' lang='lat'><strong>17-19.</strong></span> <span class='ocrx_word' id='word_1_5' title='bbox 974 547 1159 618; x_wconf 67' lang='lat' dir='ltr'><strong>[aaran]</strong></span> 
     </span>
    </p>
   </div>
   <div class='ocr_carea' id='block_1_2' title="bbox 295 704 1354 3901">
    <p class='ocr_par' dir='ltr' id='par_1_2' title="bbox 298 704 1349 984">
     <span class='ocr_line' id='line_1_2' title="bbox 298 704 1349 783; baseline -0.005 -6"><span class='ocrx_word' id='word_1_6' title='bbox 298 707 533 783; x_wconf 79' lang='lat' dir='ltr'><strong>osortirentur,</strong></span> <span class='ocrx_word' id='word_1_7' title='bbox 563 707 665 772; x_wconf 89' lang='lat' dir='ltr'><strong>sortiti</strong></span> <span class='ocrx_word' id='word_1_8' title='bbox 695 716 780 770; x_wconf 85' lang='lat' dir='ltr'><strong>sunt.</strong></span> <span class='ocrx_word' id='word_1_9' title='bbox 832 705 882 770; x_wconf 92' lang='lat' dir='ltr'><strong>M.</strong></span> <span class='ocrx_word' id='word_1_10' title='bbox 908 706 1002 770; x_wconf 91' lang='lat' dir='ltr'><strong>Iunio</strong></span> <span class='ocrx_word' id='word_1_11' title='bbox 1028 704 1125 772; x_wconf 91' lang='lat' dir='ltr'><strong>Pisae</strong></span> <span class='ocrx_word' id='word_1_12' title='bbox 1153 705 1349 782; x_wconf 77' lang='lat' dir='ltr'><strong>obvenerunt.</strong></span> 
     </span>
     <span class='ocr_line' id='line_1_3' title="bbox 331 801 1348 890; baseline 0 -22"><span class='ocrx_word' id='word_1_13' title='bbox 331 825 427 888; x_wconf 91' lang='lat' dir='ltr'><strong>quem</strong></span> <span class='ocrx_word' id='word_1_14' title='bbox 452 803 638 890; x_wconf 78' lang='lat' dir='ltr'><strong>priusquam</strong></span> <span class='ocrx_word' id='word_1_15' title='bbox 668 802 703 867; x_wconf 94' lang='lat' dir='ltr'><strong>in</strong></span> <span class='ocrx_word' id='word_1_16' title='bbox 729 801 928 888; x_wconf 88' lang='lat' dir='ltr'><strong>provinciam</strong></span> <span class='ocrx_word' id='word_1_17' title='bbox 958 802 1032 879; x_wconf 91' lang='lat' dir='ltr'><strong>iret,</strong></span> <span class='ocrx_word' id='word_1_18' title='bbox 1059 803 1253 888; x_wconf 77' lang='lat' dir='ltr'>legationes,</span> <span class='ocrx_word' id='word_1_19' title='bbox 1278 825 1348 888; x_wconf 88' lang='lat' dir='ltr'><strong>quae</strong></span> 
     </span>
     <span class='ocr_line' id='line_1_4' title="bbox 331 896 1346 984; baseline 0.001 -22"><span class='ocrx_word' id='word_1_20' title='bbox 331 897 473 981; x_wconf 89' lang='lat' dir='ltr'><strong>undique</strong></span> <span class='ocrx_word' id='word_1_21' title='bbox 490 898 628 963; x_wconf 81' lang='lat' dir='ltr'><strong>Romam</strong></span> <span class='ocrx_word' id='word_1_22' title='bbox 645 897 842 984; x_wconf 79' lang='lat' dir='ltr'><strong>gratulatum</strong></span> <span class='ocrx_word' id='word_1_23' title='bbox 860 907 1091 975; x_wconf 87' lang='lat' dir='ltr'><strong>convenerant,</strong></span> <span class='ocrx_word' id='word_1_24' title='bbox 1108 896 1346 963; x_wconf 88' lang='lat' dir='ltr'><strong>introducerein</strong></span> 
     </span>
    </p>

    <p class='ocr_par' dir='ltr' id='par_1_3' title="bbox 298 988 1354 1551">
     <span class='ocr_line' id='line_1_5' title="bbox 298 988 1343 1078; baseline -0.004 -17"><span class='ocrx_word' id='word_1_25' title='bbox 298 1015 312 1061; x_wconf 81' lang='lat'><strong>7</strong></span> <span class='ocrx_word' id='word_1_26' title='bbox 332 1005 477 1059; x_wconf 90' lang='lat' dir='ltr'><strong>senatum</strong></span> <span class='ocrx_word' id='word_1_27' title='bbox 494 993 624 1078; x_wconf 78' lang='lat' dir='ltr'><strong>placuit,</strong></span> <span class='ocrx_word' id='word_1_28' title='bbox 643 990 685 1073; x_wconf 83' lang='lat' dir='ltr'><strong>Q.</strong></span> <span class='ocrx_word' id='word_1_29' title='bbox 705 991 800 1057; x_wconf 91' lang='lat' dir='ltr'><strong>Aelio</strong></span> <span class='ocrx_word' id='word_1_30' title='bbox 819 988 970 1078; x_wconf 59' lang='lat' dir='ltr'><strong>[Gallia]</strong></span> <span class='ocrx_word' id='word_1_31' title='bbox 1006 1002 1149 1058; x_wconf 90' lang='lat' dir='ltr'><strong>ceterum</strong></span> <span class='ocrx_word' id='word_1_32' title='bbox 1165 1013 1343 1076; x_wconf 86' lang='lat' dir='ltr'><strong>quamquam</strong></span> 
     </span>
     <span class='ocr_line' id='line_1_6' title="bbox 331 1085 1342 1173; baseline -0.001 -21"><span class='ocrx_word' id='word_1_33' title='bbox 331 1087 410 1152; x_wconf 87' lang='lat' dir='ltr'><strong>tales</strong></span> <span class='ocrx_word' id='word_1_34' title='bbox 427 1087 488 1152; x_wconf 86' lang='lat' dir='ltr'><strong>viri</strong></span> <span class='ocrx_word' id='word_1_35' title='bbox 504 1087 720 1162; x_wconf 81' lang='lat' dir='ltr'><strong>mitterentur,</strong></span> <span class='ocrx_word' id='word_1_36' title='bbox 747 1107 885 1169; x_wconf 91' lang='lat' dir='ltr'><strong>quorum</strong></span> <span class='ocrx_word' id='word_1_37' title='bbox 907 1085 947 1151; x_wconf 89' lang='lat' dir='ltr'><strong>de</strong></span> <span class='ocrx_word' id='word_1_38' title='bbox 965 1085 1097 1151; x_wconf 89' lang='lat' dir='ltr'><strong>oonsilio</strong></span> <span class='ocrx_word' id='word_1_39' title='bbox 1114 1086 1237 1173; x_wconf 90' lang='lat' dir='ltr'><strong>sperari</strong></span> <span class='ocrx_word' id='word_1_40' title='bbox 1254 1101 1342 1172; x_wconf 82' lang='lat' dir='ltr'><strong>posset</strong></span> 
     </span>
     <span class='ocr_line' id='line_1_7' title="bbox 330 1181 1341 1268; baseline 0 -22"><span class='ocrx_word' id='word_1_41' title='bbox 330 1183 537 1268; x_wconf 88' lang='lat' dir='ltr'><strong>imperatores</strong></span> <span class='ocrx_word' id='word_1_42' title='bbox 559 1181 638 1246; x_wconf 91' lang='lat' dir='ltr'><strong>nibil</strong></span> <span class='ocrx_word' id='word_1_43' title='bbox 660 1181 830 1267; x_wconf 85' lang='lat' dir='ltr'><strong>indignum</strong></span> <span class='ocrx_word' id='word_1_44' title='bbox 851 1201 912 1245; x_wconf 89' lang='lat' dir='ltr'><strong>nec</strong></span> <span class='ocrx_word' id='word_1_45' title='bbox 930 1181 1098 1246; x_wconf 86' lang='lat' dir='ltr'><strong>clementia</strong></span> <span class='ocrx_word' id='word_1_46' title='bbox 1119 1202 1180 1246; x_wconf 92' lang='lat' dir='ltr'><strong>neo</strong></span> <span class='ocrx_word' id='word_1_47' title='bbox 1202 1181 1341 1267; x_wconf 84' lang='lat' dir='ltr'><strong>gravitate</strong></span> 
     </span>
     <span class='ocr_line' id='line_1_8' title="bbox 329 1275 1354 1362; baseline -0.004 -20"><span class='ocrx_word' id='word_1_48' title='bbox 329 1277 442 1362; x_wconf 88' lang='lat' dir='ltr'><strong>populi</strong></span> <span class='ocrx_word' id='word_1_49' title='bbox 459 1276 597 1342; x_wconf 88' lang='lat' dir='ltr'><strong>Romani</strong></span> <span class='ocrx_word' id='word_1_50' title='bbox 615 1275 798 1341; x_wconf 81' lang='lat' dir='ltr'><strong>decreturos</strong></span> <span class='ocrx_word' id='word_1_51' title='bbox 816 1296 901 1351; x_wconf 87' lang='lat' dir='ltr'><strong>esse,</strong></span> <span class='ocrx_word' id='word_1_52' title='bbox 923 1286 1031 1340; x_wconf 82' lang='lat' dir='ltr'><strong>tamen</strong></span> <span class='ocrx_word' id='word_1_53' title='bbox 1048 1275 1083 1339; x_wconf 94' lang='lat' dir='ltr'><strong>in</strong></span> <span class='ocrx_word' id='word_1_54' title='bbox 1100 1287 1215 1342; x_wconf 87' lang='lat' dir='ltr'><strong>senatu</strong></span> <span class='ocrx_word' id='word_1_55' title='bbox 1233 1296 1354 1360; x_wconf 90' lang='lat' dir='ltr'><strong>quoque-</strong></span> 
     </span>
     <span class='ocr_line' id='line_1_9' title="bbox 331 1368 1340 1456; baseline -0.001 -21"><span class='ocrx_word' id='word_1_56' title='bbox 331 1371 470 1456; x_wconf 89' lang='lat' dir='ltr'><strong>agitatae</strong></span> <span class='ocrx_word' id='word_1_57' title='bbox 498 1380 573 1435; x_wconf 88' lang='lat' dir='ltr'><strong>sunt</strong></span> <span class='ocrx_word' id='word_1_58' title='bbox 601 1392 745 1435; x_wconf 89' lang='lat' dir='ltr'><strong>summae</strong></span> <span class='ocrx_word' id='word_1_59' title='bbox 772 1368 975 1435; x_wconf 87' lang='lat' dir='ltr'><strong>consiliorum</strong></span> <span class='ocrx_word' id='word_1_60' title='bbox 981 1417 991 1448; x_wconf 91' lang='lat'><em>‚</em></span> <span class='ocrx_word' id='word_1_61' title='bbox 1018 1382 1055 1435; x_wconf 93' lang='lat' dir='ltr'><strong>ut</strong></span> <span class='ocrx_word' id='word_1_62' title='bbox 1081 1370 1233 1435; x_wconf 89' lang='lat' dir='ltr'><strong>inchoata</strong></span> <span class='ocrx_word' id='word_1_63' title='bbox 1254 1369 1340 1435; x_wconf 75' lang='lat' dir='ltr'><strong>omnia</strong></span> 
     </span>
     <span class='ocr_line' id='line_1_10' title="bbox 329 1464 1141 1551; baseline -0.001 -21"><span class='ocrx_word' id='word_1_64' title='bbox 329 1466 428 1551; x_wconf 90' lang='lat' dir='ltr'><strong>legati</strong></span> <span class='ocrx_word' id='word_1_65' title='bbox 446 1465 488 1530; x_wconf 88' lang='lat' dir='ltr'><strong>ab</strong></span> <span class='ocrx_word' id='word_1_66' title='bbox 505 1465 601 1529; x_wconf 91' lang='lat' dir='ltr'><strong>domo</strong></span> <span class='ocrx_word' id='word_1_67' title='bbox 618 1464 702 1530; x_wconf 85' lang='lat' dir='ltr'><strong>ferre</strong></span> <span class='ocrx_word' id='word_1_68' title='bbox 720 1464 762 1529; x_wconf 92' lang='lat' dir='ltr'><strong>ad</strong></span> <span class='ocrx_word' id='word_1_69' title='bbox 779 1465 985 1551; x_wconf 89' lang='lat' dir='ltr'><strong>imperatores</strong></span> <span class='ocrx_word' id='word_1_70' title='bbox 1002 1477 1141 1550; x_wconf 84' lang='lat' dir='ltr'><strong>possent.</strong></span> 
     </span>
    </p>

    <p class='ocr_par' dir='ltr' id='par_1_4' title="bbox 298 1558 1339 1835">
     <span class='ocr_line' id='line_1_11' title="bbox 298 1558 1339 1646; baseline -0.004 -19"><span class='ocrx_word' id='word_1_71' title='bbox 298 1579 311 1627; x_wconf 84' lang='lat'>1</span> <span class='ocrx_word' id='word_1_72' title='bbox 394 1558 527 1626; x_wconf 87' lang='lat' dir='ltr'><strong>XVIII.</strong></span> <span class='ocrx_word' id='word_1_73' title='bbox 556 1558 712 1625; x_wconf 90' lang='lat' dir='ltr'><strong>Omnium</strong></span> <span class='ocrx_word' id='word_1_74' title='bbox 733 1560 872 1646; x_wconf 90' lang='lat' dir='ltr'><strong>primum</strong></span> <span class='ocrx_word' id='word_1_75' title='bbox 894 1560 1011 1626; x_wconf 86' lang='lat' dir='ltr'><strong>liberos</strong></span> <span class='ocrx_word' id='word_1_76' title='bbox 1029 1583 1099 1627; x_wconf 89' lang='lat' dir='ltr'><strong>esse</strong></span> <span class='ocrx_word' id='word_1_77' title='bbox 1120 1560 1269 1645; x_wconf 83' lang='lat' dir='ltr'><strong>placebat</strong></span> <span class='ocrx_word' id='word_1_78' title='bbox 1282 1558 1339 1623; x_wconf 81' lang='grc' dir='ltr'><strong>Μι-</strong></span> 
     </span>
     <span class='ocr_line' id='line_1_12' title="bbox 331 1654 1338 1741; baseline -0.002 -21"><span class='ocrx_word' id='word_1_79' title='bbox 331 1654 469 1720; x_wconf 89' lang='lat' dir='ltr'><strong>oedonas</strong></span> <span class='ocrx_word' id='word_1_80' title='bbox 492 1667 589 1738; x_wconf 90' lang='lat' dir='ltr'><strong>atque</strong></span> <span class='ocrx_word' id='word_1_81' title='bbox 611 1654 754 1739; x_wconf 84' lang='lat' dir='ltr'><strong>Illyrios,</strong></span> <span class='ocrx_word' id='word_1_82' title='bbox 781 1666 819 1720; x_wconf 90' lang='lat' dir='ltr'><strong>ut</strong></span> <span class='ocrx_word' id='word_1_83' title='bbox 840 1654 989 1720; x_wconf 91' lang='lat' dir='ltr'><strong>omnibus</strong></span> <span class='ocrx_word' id='word_1_84' title='bbox 1010 1654 1161 1741; x_wconf 86' lang='lat' dir='ltr'><strong>gentibus</strong></span> <span class='ocrx_word' id='word_1_85' title='bbox 1183 1661 1338 1740; x_wconf 83' lang='lat' dir='ltr'><strong>appareret.</strong></span> 
     </span>
     <span class='ocr_line' id='line_1_13' title="bbox 331 1748 1337 1835; baseline -0.002 -23"><span class='ocrx_word' id='word_1_86' title='bbox 331 1772 420 1815; x_wconf 88' lang='lat' dir='ltr'><strong>arma</strong></span> <span class='ocrx_word' id='word_1_87' title='bbox 440 1750 552 1835; x_wconf 92' lang='lat' dir='ltr'><strong>populi</strong></span> <span class='ocrx_word' id='word_1_88' title='bbox 575 1749 714 1814; x_wconf 80' lang='lat' dir='ltr'><strong>Romani</strong></span> <span class='ocrx_word' id='word_1_89' title='bbox 733 1770 798 1813; x_wconf 91' lang='lat' dir='ltr'><strong>uon</strong></span> <span class='ocrx_word' id='word_1_90' title='bbox 820 1749 929 1815; x_wconf 86' lang='lat' dir='ltr'><strong>liberis</strong></span> <span class='ocrx_word' id='word_1_91' title='bbox 948 1750 1148 1825; x_wconf 81' lang='lat' dir='ltr'><strong>servitutem,</strong></span> <span class='ocrx_word' id='word_1_92' title='bbox 1176 1748 1234 1815; x_wconf 84' lang='lat' dir='ltr'><strong>sed</strong></span> <span class='ocrx_word' id='word_1_93' title='bbox 1251 1757 1337 1813; x_wconf 72' lang='lat' dir='ltr'><strong>eontra</strong></span> 
     </span>
    </p>

    <p class='ocr_par' dir='ltr' id='par_1_5' title="bbox 297 1843 1338 2403">
     <span class='ocr_line' id='line_1_14' title="bbox 297 1843 1337 1929; baseline -0.002 -18"><span class='ocrx_word' id='word_1_94' title='bbox 297 1862 312 1911; x_wconf 82' lang='lat'>2</span> <span class='ocrx_word' id='word_1_95' title='bbox 331 1844 542 1909; x_wconf 88' lang='lat' dir='ltr'><strong>servientibus</strong></span> <span class='ocrx_word' id='word_1_96' title='bbox 565 1843 745 1910; x_wconf 88' lang='lat' dir='ltr'><strong>libertatem</strong></span> <span class='ocrx_word' id='word_1_97' title='bbox 762 1844 903 1922; x_wconf 85' lang='lat' dir='ltr'><strong>adferre,</strong></span> <span class='ocrx_word' id='word_1_98' title='bbox 925 1855 962 1909; x_wconf 92' lang='lat' dir='ltr'><strong>ut</strong></span> <span class='ocrx_word' id='word_1_99' title='bbox 979 1844 1061 1910; x_wconf 91' lang='lat' dir='ltr'><strong>etin</strong></span> <span class='ocrx_word' id='word_1_100' title='bbox 1082 1844 1231 1910; x_wconf 87' lang='lat' dir='ltr'><strong>libertate</strong></span> <span class='ocrx_word' id='word_1_101' title='bbox 1249 1853 1337 1929; x_wconf 71' lang='lat' dir='ltr'><strong>gentes</strong></span> 
     </span>
     <span class='ocr_line' id='line_1_15' title="bbox 331 1938 1338 2025; baseline -0.002 -21"><span class='ocrx_word' id='word_1_102' title='bbox 331 1960 415 2022; x_wconf 85' lang='lat' dir='ltr'><strong>quae</strong></span> <span class='ocrx_word' id='word_1_103' title='bbox 432 1950 539 2004; x_wconf 81' lang='lat' dir='ltr'><strong>essent</strong></span> <span class='ocrx_word' id='word_1_104' title='bbox 555 1949 658 2002; x_wconf 89' lang='lat' dir='ltr'><strong>tutam</strong></span> <span class='ocrx_word' id='word_1_105' title='bbox 676 1962 747 2004; x_wconf 92' lang='lat' dir='ltr'><strong>eam</strong></span> <span class='ocrx_word' id='word_1_106' title='bbox 765 1939 826 2003; x_wconf 91' lang='lat' dir='ltr'><strong>sibi</strong></span> <span class='ocrx_word' id='word_1_107' title='bbox 847 1949 1065 2025; x_wconf 89' lang='lat' dir='ltr'><strong>perpetuaque</strong></span> <span class='ocrx_word' id='word_1_108' title='bbox 1083 1938 1145 2003; x_wconf 91' lang='lat' dir='ltr'><strong>sub</strong></span> <span class='ocrx_word' id='word_1_109' title='bbox 1163 1938 1263 2004; x_wconf 84' lang='lat' dir='ltr'><strong>tutela</strong></span> <span class='ocrx_word' id='word_1_110' title='bbox 1278 1955 1338 2010; x_wconf 69' lang='lat' dir='ltr'><strong>essa</strong></span> 
     </span>
     <span class='ocr_line' id='line_1_16' title="bbox 332 2029 1338 2120; baseline -0.001 -24"><span class='ocrx_word' id='word_1_111' title='bbox 332 2044 363 2097; x_wconf 88' lang='lat' dir='ltr'><strong>et</strong></span> <span class='ocrx_word' id='word_1_112' title='bbox 381 2053 464 2116; x_wconf 91' lang='lat' dir='ltr'><strong>quae</strong></span> <span class='ocrx_word' id='word_1_113' title='bbox 487 2033 547 2098; x_wconf 91' lang='lat' dir='ltr'><strong>sub</strong></span> <span class='ocrx_word' id='word_1_114' title='bbox 568 2033 700 2119; x_wconf 89' lang='lat' dir='ltr'><strong>regibus</strong></span> <span class='ocrx_word' id='word_1_115' title='bbox 718 2034 862 2100; x_wconf 85' lang='lat' dir='ltr'><strong>viverent</strong></span> <span class='ocrx_word' id='word_1_116' title='bbox 878 2047 909 2100; x_wconf 91' lang='lat' dir='ltr'><strong>et</strong></span> <span class='ocrx_word' id='word_1_117' title='bbox 931 2034 966 2098; x_wconf 92' lang='lat' dir='ltr'><strong>in</strong></span> <span class='ocrx_word' id='word_1_118' title='bbox 987 2056 1138 2120; x_wconf 89' lang='lat' dir='ltr'><strong>praesens</strong></span> <span class='ocrx_word' id='word_1_119' title='bbox 1157 2045 1282 2119; x_wconf 88' lang='lat' dir='ltr'><strong>tempus</strong></span> <span class='ocrx_word' id='word_1_120' title='bbox 1295 2029 1338 2095; x_wconf 89' lang='lat' dir='ltr'><strong>mi-</strong></span> 
     </span>
     <span class='ocr_line' id='line_1_17' title="bbox 331 2126 1338 2215; baseline -0.002 -25"><span class='ocrx_word' id='word_1_121' title='bbox 331 2126 428 2192; x_wconf 87' lang='lat' dir='ltr'><strong>tiores</strong></span> <span class='ocrx_word' id='word_1_122' title='bbox 446 2148 500 2192; x_wconf 91' lang='lat' dir='ltr'><strong>eos</strong></span> <span class='ocrx_word' id='word_1_123' title='bbox 516 2127 729 2213; x_wconf 86' lang='lat' dir='ltr'><strong>iustioresque</strong></span> <span class='ocrx_word' id='word_1_124' title='bbox 745 2140 893 2215; x_wconf 88' lang='lat' dir='ltr'><strong>respectu</strong></span> <span class='ocrx_word' id='word_1_125' title='bbox 912 2129 1022 2214; x_wconf 91' lang='lat' dir='ltr'><strong>populi</strong></span> <span class='ocrx_word' id='word_1_126' title='bbox 1035 2128 1175 2193; x_wconf 86' lang='lat' dir='ltr'><strong>Romani</strong></span> <span class='ocrx_word' id='word_1_127' title='bbox 1190 2128 1302 2194; x_wconf 82' lang='lat' dir='ltr'><strong>babere</strong></span> <span class='ocrx_word' id='word_1_128' title='bbox 1313 2143 1338 2188; x_wconf 82' lang='lat' dir='ltr'><strong>ss</strong></span> 
     </span>
     <span class='ocr_line' id='line_1_18' title="bbox 331 2221 1338 2309; baseline 0 -23"><span class='ocrx_word' id='word_1_129' title='bbox 331 2221 498 2287; x_wconf 87' lang='lat' dir='ltr'><strong>crederent</strong></span> <span class='ocrx_word' id='word_1_130' title='bbox 514 2233 562 2300; x_wconf 89' lang='lat' dir='ltr'><strong>et,</strong></span> <span class='ocrx_word' id='word_1_131' title='bbox 583 2223 612 2290; x_wconf 93' lang='lat' dir='ltr'><strong>si</strong></span> <span class='ocrx_word' id='word_1_132' title='bbox 629 2224 758 2308; x_wconf 90' lang='lat' dir='ltr'><strong>quando</strong></span> <span class='ocrx_word' id='word_1_133' title='bbox 775 2223 897 2288; x_wconf 92' lang='lat' dir='ltr'><strong>bellum</strong></span> <span class='ocrx_word' id='word_1_134' title='bbox 914 2246 988 2288; x_wconf 91' lang='lat' dir='ltr'><strong>oum</strong></span> <span class='ocrx_word' id='word_1_135' title='bbox 1009 2224 1129 2309; x_wconf 92' lang='lat' dir='ltr'><strong>populo</strong></span> <span class='ocrx_word' id='word_1_136' title='bbox 1146 2222 1290 2288; x_wconf 87' lang='lat' dir='ltr'><strong>Romano</strong></span> <span class='ocrx_word' id='word_1_137' title='bbox 1302 2239 1338 2284; x_wconf 84' lang='lat' dir='ltr'><strong>ro·¹</strong></span> 
     </span>
     <span class='ocr_line' id='line_1_19' title="bbox 330 2316 1337 2403; baseline 0.003 -22"><span class='ocrx_word' id='word_1_138' title='bbox 330 2317 426 2403; x_wconf 85' lang='lat' dir='ltr'><strong>gibus</strong></span> <span class='ocrx_word' id='word_1_139' title='bbox 447 2317 562 2383; x_wconf 86' lang='lat' dir='ltr'><strong>fuisset</strong></span> <span class='ocrx_word' id='word_1_140' title='bbox 579 2319 660 2396; x_wconf 89' lang='lat' dir='ltr'><strong>suis,</strong></span> <span class='ocrx_word' id='word_1_141' title='bbox 683 2319 804 2384; x_wconf 88' lang='lat' dir='ltr'><strong>exitum</strong></span> <span class='ocrx_word' id='word_1_142' title='bbox 822 2318 891 2384; x_wconf 90' lang='lat' dir='ltr'><strong>eius</strong></span> <span class='ocrx_word' id='word_1_143' title='bbox 913 2319 1077 2383; x_wconf 86' lang='lat' dir='ltr'><strong>victoriam</strong></span> <span class='ocrx_word' id='word_1_144' title='bbox 1095 2318 1252 2383; x_wconf 88' lang='lat' dir='ltr'><strong>Romanis</strong></span> <span class='ocrx_word' id='word_1_145' title='bbox 1272 2316 1337 2384; x_wconf 75' lang='lat' dir='ltr'><strong>adb-</strong></span> 
     </span>
    </p>

    <p class='ocr_par' dir='ltr' id='par_1_6' title="bbox 296 2405 1338 2593">
     <span class='ocr_line' id='line_1_20' title="bbox 296 2405 1338 2497; baseline -0.006 -17"><span class='ocrx_word' id='word_1_146' title='bbox 296 2429 312 2480; x_wconf 78' lang='grc'>6</span> <span class='ocrx_word' id='word_1_147' title='bbox 330 2423 453 2489; x_wconf 84' lang='lat' dir='ltr'><strong>turum,</strong></span> <span class='ocrx_word' id='word_1_148' title='bbox 471 2412 534 2478; x_wconf 85' lang='lat' dir='ltr'><strong>eibi</strong></span> <span class='ocrx_word' id='word_1_149' title='bbox 550 2413 741 2478; x_wconf 89' lang='lat' dir='ltr'><strong>libertatem.</strong></span> <span class='ocrx_word' id='word_1_150' title='bbox 767 2413 887 2478; x_wconf 85' lang='lat' dir='ltr'><strong>metalli</strong></span> <span class='ocrx_word' id='word_1_151' title='bbox 907 2433 1036 2497; x_wconf 90' lang='lat' dir='ltr'><strong>quoque</strong></span> <span class='ocrx_word' id='word_1_152' title='bbox 1051 2411 1259 2479; x_wconf 86' lang='lat' dir='ltr'><strong>Macedonici</strong></span> <span class='ocrx_word' id='word_1_153' title='bbox 1274 2405 1338 2496; x_wconf 81' lang='lat' dir='ltr'><strong>quod</strong></span> 
     </span>
     <span class='ocr_line' id='line_1_21' title="bbox 329 2506 1336 2593; baseline -0.001 -22"><span class='ocrx_word' id='word_1_154' title='bbox 329 2507 443 2593; x_wconf 87' lang='lat' dir='ltr'><strong>ingens</strong></span> <span class='ocrx_word' id='word_1_155' title='bbox 458 2506 596 2593; x_wconf 86' lang='lat' dir='ltr'><strong>vectigal</strong></span> <span class='ocrx_word' id='word_1_156' title='bbox 608 2517 677 2573; x_wconf 90' lang='lat' dir='ltr'><strong>erat</strong></span> <span class='ocrx_word' id='word_1_157' title='bbox 692 2507 929 2591; x_wconf 88' lang='lat' dir='ltr'><strong>locationesque</strong></span> <span class='ocrx_word' id='word_1_158' title='bbox 946 2506 1151 2593; x_wconf 88' lang='lat' dir='ltr'><strong>praediorum</strong></span> <span class='ocrx_word' id='word_1_159' title='bbox 1170 2507 1336 2573; x_wconf 76' lang='lat' dir='ltr'><strong>rusticorum</strong></span> 
     </span>
    </p>

    <p class='ocr_par' dir='ltr' id='par_1_7' title="bbox 295 2602 1337 2784">
     <span class='ocr_line' id='line_1_22' title="bbox 295 2602 1337 2689; baseline -0.001 -20"><span class='ocrx_word' id='word_1_160' title='bbox 295 2621 313 2669; x_wconf 83' lang='lat'>4</span> <span class='ocrx_word' id='word_1_161' title='bbox 330 2602 399 2667; x_wconf 90' lang='lat' dir='ltr'><strong>tolli</strong></span> <span class='ocrx_word' id='word_1_162' title='bbox 415 2602 578 2687; x_wconf 84' lang='lat' dir='ltr'><strong>placebat:</strong></span> <span class='ocrx_word' id='word_1_163' title='bbox 602 2625 678 2667; x_wconf 88' lang='lat' dir='ltr'><strong>nam</strong></span> <span class='ocrx_word' id='word_1_164' title='bbox 694 2623 800 2687; x_wconf 92' lang='lat' dir='ltr'><strong>neque</strong></span> <span class='ocrx_word' id='word_1_165' title='bbox 817 2602 886 2668; x_wconf 93' lang='lat' dir='ltr'><strong>sine</strong></span> <span class='ocrx_word' id='word_1_166' title='bbox 908 2602 1080 2688; x_wconf 89' lang='lat' dir='ltr'><strong>publicano</strong></span> <span class='ocrx_word' id='word_1_167' title='bbox 1098 2604 1242 2669; x_wconf 88' lang='lat' dir='ltr'><strong>exerceri</strong></span> <span class='ocrx_word' id='word_1_168' title='bbox 1256 2619 1337 2689; x_wconf 69' lang='lat' dir='ltr'><strong>post</strong></span> 
     </span>
     <span class='ocr_line' id='line_1_23' title="bbox 331 2698 1335 2784; baseline -0.002 -22"><span class='ocrx_word' id='word_1_169' title='bbox 331 2709 364 2763; x_wconf 87' lang='lat' dir='ltr'><strong>et</strong></span> <span class='ocrx_word' id='word_1_170' title='bbox 380 2698 438 2762; x_wconf 91' lang='lat' dir='ltr'><strong>ubi</strong></span> <span class='ocrx_word' id='word_1_171' title='bbox 454 2698 645 2783; x_wconf 90' lang='lat' dir='ltr'><strong>publicanus</strong></span> <span class='ocrx_word' id='word_1_172' title='bbox 663 2707 761 2777; x_wconf 89' lang='lat' dir='ltr'><strong>esset,</strong></span> <span class='ocrx_word' id='word_1_173' title='bbox 781 2698 828 2765; x_wconf 90' lang='lat' dir='ltr'><strong>ibi</strong></span> <span class='ocrx_word' id='word_1_174' title='bbox 845 2709 901 2763; x_wconf 92' lang='lat' dir='ltr'><strong>aut</strong></span> <span class='ocrx_word' id='word_1_175' title='bbox 915 2699 968 2764; x_wconf 88' lang='lat' dir='ltr'><strong>ius</strong></span> <span class='ocrx_word' id='word_1_176' title='bbox 985 2699 1152 2784; x_wconf 90' lang='lat' dir='ltr'><strong>publicum</strong></span> <span class='ocrx_word' id='word_1_177' title='bbox 1169 2721 1286 2766; x_wconf 84' lang='lat' dir='ltr'><strong>vanum</strong></span> <span class='ocrx_word' id='word_1_178' title='bbox 1299 2701 1335 2760; x_wconf 77' lang='lat' dir='ltr'><strong>su</strong></span> 
     </span>
    </p>

    <p class='ocr_par' dir='ltr' id='par_1_8' title="bbox 298 2792 1334 3066">
     <span class='ocr_line' id='line_1_24' title="bbox 298 2792 1334 2879; baseline 0 -21"><span class='ocrx_word' id='word_1_179' title='bbox 298 2811 313 2858; x_wconf 80' lang='grc'>6</span> <span class='ocrx_word' id='word_1_180' title='bbox 331 2792 512 2858; x_wconf 87' lang='lat' dir='ltr'><strong>libertatem</strong></span> <span class='ocrx_word' id='word_1_181' title='bbox 524 2793 618 2858; x_wconf 90' lang='lat' dir='ltr'><strong>sociis</strong></span> <span class='ocrx_word' id='word_1_182' title='bbox 631 2794 754 2858; x_wconf 90' lang='lat' dir='ltr'><strong>nullam</strong></span> <span class='ocrx_word' id='word_1_183' title='bbox 762 2815 841 2860; x_wconf 88' lang='lat' dir='ltr'><strong>esse.</strong></span> <span class='ocrx_word' id='word_1_184' title='bbox 868 2816 910 2859; x_wconf 89' lang='lat' dir='ltr'><strong>ne</strong></span> <span class='ocrx_word' id='word_1_185' title='bbox 922 2794 1009 2879; x_wconf 92' lang='lat' dir='ltr'><strong>ipsos</strong></span> <span class='ocrx_word' id='word_1_186' title='bbox 1023 2793 1155 2877; x_wconf 91' lang='lat' dir='ltr'><strong>quidem</strong></span> <span class='ocrx_word' id='word_1_187' title='bbox 1164 2793 1334 2860; x_wconf 68' lang='lat' dir='ltr'><strong>IIIacedouss</strong></span> 
     </span>
     <span class='ocr_line' id='line_1_25' title="bbox 330 2885 1334 2974; baseline 0.002 -23"><span class='ocrx_word' id='word_1_188' title='bbox 330 2885 366 2951; x_wconf 94' lang='lat' dir='ltr'><strong>id</strong></span> <span class='ocrx_word' id='word_1_189' title='bbox 384 2907 531 2952; x_wconf 87' lang='lat' dir='ltr'><strong>exercere</strong></span> <span class='ocrx_word' id='word_1_190' title='bbox 548 2908 643 2972; x_wconf 87' lang='lat' dir='ltr'><strong>posse</strong></span> <span class='ocrx_word' id='word_1_191' title='bbox 648 2912 658 2966; x_wconf 91' lang='lat'>;</span> <span class='ocrx_word' id='word_1_192' title='bbox 680 2889 737 2954; x_wconf 91' lang='lat' dir='ltr'><strong>ubi</strong></span> <span class='ocrx_word' id='word_1_193' title='bbox 757 2889 792 2954; x_wconf 94' lang='lat' dir='ltr'><strong>in</strong></span> <span class='ocrx_word' id='word_1_194' title='bbox 807 2888 914 2955; x_wconf 90' lang='lat' dir='ltr'><strong>medio</strong></span> <span class='ocrx_word' id='word_1_195' title='bbox 931 2889 1051 2974; x_wconf 84' lang='lat' dir='ltr'><strong>praeda</strong></span> <span class='ocrx_word' id='word_1_196' title='bbox 1067 2886 1334 2954; x_wconf 71' lang='lat' dir='ltr'><strong>administrando</strong></span> 
     </span>
     <span class='ocr_line' id='line_1_26' title="bbox 332 2976 1333 3066; baseline 0.004 -20"><span class='ocrx_word' id='word_1_197' title='bbox 332 2992 431 3058; x_wconf 86' lang='lat' dir='ltr'><strong>esset,</strong></span> <span class='ocrx_word' id='word_1_198' title='bbox 446 3015 449 3020; x_wconf 95' lang='lat'>·</span> <span class='ocrx_word' id='word_1_199' title='bbox 466 2979 512 3046; x_wconf 91' lang='lat' dir='ltr'><strong>ibi</strong></span> <span class='ocrx_word' id='word_1_200' title='bbox 540 3003 718 3066; x_wconf 88' lang='lat' dir='ltr'><strong>numquam</strong></span> <span class='ocrx_word' id='word_1_201' title='bbox 748 3005 861 3049; x_wconf 89' lang='lat' dir='ltr'><strong>causas</strong></span> <span class='ocrx_word' id='word_1_202' title='bbox 892 2984 1085 3050; x_wconf 89' lang='lat' dir='ltr'><strong>seditionum</strong></span> <span class='ocrx_word' id='word_1_203' title='bbox 1116 2994 1149 3049; x_wconf 88' lang='lat' dir='ltr'><strong>et</strong></span> <span class='ocrx_word' id='word_1_204' title='bbox 1182 2976 1333 3050; x_wconf 69' lang='lat' dir='ltr'><strong>certamid</strong></span> 
     </span>
    </p>

    <p class='ocr_par' dir='ltr' id='par_1_9' title="bbox 298 3076 1333 3260">
     <span class='ocr_line' id='line_1_27' title="bbox 298 3076 1332 3165; baseline 0.003 -23"><span class='ocrx_word' id='word_1_205' title='bbox 298 3093 313 3142; x_wconf 89' lang='grc'>6</span> <span class='ocrx_word' id='word_1_206' title='bbox 332 3076 452 3144; x_wconf 87' lang='lat' dir='ltr'><strong>defore.</strong></span> <span class='ocrx_word' id='word_1_207' title='bbox 505 3099 673 3144; x_wconf 90' lang='lat' dir='ltr'><strong>commune</strong></span> <span class='ocrx_word' id='word_1_208' title='bbox 700 3079 870 3144; x_wconf 90' lang='lat' dir='ltr'><strong>concilium</strong></span> <span class='ocrx_word' id='word_1_209' title='bbox 898 3079 1003 3165; x_wconf 89' lang='lat' dir='ltr'><strong>gentis</strong></span> <span class='ocrx_word' id='word_1_210' title='bbox 1029 3100 1114 3155; x_wconf 87' lang='lat' dir='ltr'><strong>esse,</strong></span> <span class='ocrx_word' id='word_1_211' title='bbox 1145 3078 1332 3165; x_wconf 73' lang='lat' dir='ltr'><strong>inprobam</strong></span> 
     </span>
     <span class='ocr_line' id='line_1_28' title="bbox 332 3169 1333 3260; baseline -0.003 -23"><span class='ocrx_word' id='word_1_212' title='bbox 332 3169 402 3260; x_wconf 89' lang='lat' dir='ltr'><strong>[ne]</strong></span> <span class='ocrx_word' id='word_1_213' title='bbox 426 3172 517 3259; x_wconf 88' lang='lat' dir='ltr'><strong>vulgi</strong></span> <span class='ocrx_word' id='word_1_214' title='bbox 544 3172 727 3239; x_wconf 86' lang='lat' dir='ltr'><strong>adsentator</strong></span> <span class='ocrx_word' id='word_1_215' title='bbox 751 3173 924 3257; x_wconf 88' lang='lat' dir='ltr'><strong>aliquando</strong></span> <span class='ocrx_word' id='word_1_216' title='bbox 949 3173 1129 3238; x_wconf 89' lang='lat' dir='ltr'><strong>libertatem</strong></span> <span class='ocrx_word' id='word_1_217' title='bbox 1152 3173 1271 3238; x_wconf 91' lang='lat' dir='ltr'><strong>salubri</strong></span> <span class='ocrx_word' id='word_1_218' title='bbox 1289 3187 1333 3234; x_wconf 89' lang='lat' dir='ltr'><strong>no·</strong></span> 
     </span>
    </p>

    <p class='ocr_par' dir='ltr' id='par_1_10' title="bbox 298 3259 1332 3544">
     <span class='ocr_line' id='line_1_29' title="bbox 298 3259 1332 3354; baseline -0.003 -21"><span class='ocrx_word' id='word_1_219' title='bbox 298 3267 494 3333; x_wconf 68' lang='lat' dir='ltr'><strong>ederatione</strong></span> <span class='ocrx_word' id='word_1_220' title='bbox 522 3267 631 3333; x_wconf 90' lang='lat' dir='ltr'><strong>datam</strong></span> <span class='ocrx_word' id='word_1_221' title='bbox 657 3267 699 3332; x_wconf 93' lang='lat' dir='ltr'><strong>ad</strong></span> <span class='ocrx_word' id='word_1_222' title='bbox 724 3268 885 3334; x_wconf 87' lang='lat' dir='ltr'><strong>licentiam</strong></span> <span class='ocrx_word' id='word_1_223' title='bbox 909 3268 1111 3354; x_wconf 86' lang='lat' dir='ltr'><strong>pestilentem</strong></span> <span class='ocrx_word' id='word_1_224' title='bbox 1136 3267 1282 3334; x_wconf 79' lang='lat' dir='ltr'><strong>traheret.</strong></span> <span class='ocrx_word' id='word_1_225' title='bbox 1311 3259 1332 3324; x_wconf 69' lang='lat' dir='ltr'><strong>lt</strong></span> 
     </span>
     <span class='ocr_line' id='line_1_30' title="bbox 331 3361 1332 3449; baseline -0.002 -21"><span class='ocrx_word' id='word_1_226' title='bbox 331 3373 482 3446; x_wconf 88' lang='lat' dir='ltr'><strong>quattuor</strong></span> <span class='ocrx_word' id='word_1_227' title='bbox 496 3363 642 3449; x_wconf 87' lang='lat' dir='ltr'><strong>regiones</strong></span> <span class='ocrx_word' id='word_1_228' title='bbox 657 3363 795 3429; x_wconf 86' lang='lat' dir='ltr'><strong>describi</strong></span> <span class='ocrx_word' id='word_1_229' title='bbox 803 3361 1041 3440; x_wconf 85' lang='lat' dir='ltr'><strong>Macedoniam,</strong></span> <span class='ocrx_word' id='word_1_230' title='bbox 1058 3373 1094 3426; x_wconf 90' lang='lat' dir='ltr'><strong>ut</strong></span> <span class='ocrx_word' id='word_1_231' title='bbox 1109 3383 1206 3427; x_wconf 90' lang='lat' dir='ltr'><strong>suum</strong></span> <span class='ocrx_word' id='word_1_232' title='bbox 1215 3373 1332 3447; x_wconf 69' lang='lat' dir='ltr'><strong>quaequt</strong></span> 
     </span>
     <span class='ocr_line' id='line_1_31' title="bbox 332 3443 1332 3544; baseline -0.004 -22"><span class='ocrx_word' id='word_1_233' title='bbox 332 3457 502 3522; x_wconf 82' lang='lat' dir='ltr'><strong>concilium</strong></span> <span class='ocrx_word' id='word_1_234' title='bbox 514 3457 656 3535; x_wconf 86' lang='lat' dir='ltr'><strong>baberet,</strong></span> <span class='ocrx_word' id='word_1_235' title='bbox 669 3457 799 3544; x_wconf 85' lang='lat' dir='ltr'><strong>placuit,</strong></span> <span class='ocrx_word' id='word_1_236' title='bbox 814 3469 846 3524; x_wconf 83' lang='lat' dir='ltr'><strong>et</strong></span> <span class='ocrx_word' id='word_1_237' title='bbox 860 3456 1027 3524; x_wconf 90' lang='lat' dir='ltr'><strong>dimidium</strong></span> <span class='ocrx_word' id='word_1_238' title='bbox 1040 3456 1153 3522; x_wconf 90' lang='lat' dir='ltr'><strong>tributi</strong></span> <span class='ocrx_word' id='word_1_239' title='bbox 1168 3479 1265 3542; x_wconf 89' lang='lat' dir='ltr'><strong>quam</strong></span> <span class='ocrx_word' id='word_1_240' title='bbox 1273 3443 1332 3539; x_wconf 72' lang='lat' dir='ltr'><strong>quel</strong></span> 
     </span>
    </p>

    <p class='ocr_par' dir='ltr' id='par_1_11' title="bbox 298 3541 1335 3901">
     <span class='ocr_line' id='line_1_32' title="bbox 298 3541 1333 3639; baseline 0.001 -24"><span class='ocrx_word' id='word_1_241' title='bbox 298 3566 314 3615; x_wconf 86' lang='lat'><em>8</em></span> <span class='ocrx_word' id='word_1_242' title='bbox 333 3550 463 3636; x_wconf 85' lang='lat' dir='ltr'><strong>regibus</strong></span> <span class='ocrx_word' id='word_1_243' title='bbox 477 3551 561 3617; x_wconf 86' lang='lat' dir='ltr'><strong>ferre</strong></span> <span class='ocrx_word' id='word_1_244' title='bbox 576 3552 660 3617; x_wconf 88' lang='lat' dir='ltr'><strong>soliti</strong></span> <span class='ocrx_word' id='word_1_245' title='bbox 674 3564 764 3619; x_wconf 88' lang='lat' dir='ltr'><strong>erant</strong></span> <span class='ocrx_word' id='word_1_246' title='bbox 776 3553 896 3639; x_wconf 91' lang='lat' dir='ltr'><strong>populo</strong></span> <span class='ocrx_word' id='word_1_247' title='bbox 905 3553 1052 3618; x_wconf 88' lang='lat' dir='ltr'><strong>Romano</strong></span> <span class='ocrx_word' id='word_1_248' title='bbox 1069 3551 1222 3637; x_wconf 91' lang='lat' dir='ltr'><strong>pendere.</strong></span> <span class='ocrx_word' id='word_1_249' title='bbox 1248 3541 1333 3618; x_wconf 70' lang='lat' dir='ltr'><strong>amb</strong></span> 
     </span>
     <span class='ocr_line' id='line_1_33' title="bbox 333 3641 1334 3734; baseline 0.002 -26"><span class='ocrx_word' id='word_1_250' title='bbox 333 3644 383 3710; x_wconf 91' lang='lat' dir='ltr'><strong>bis</strong></span> <span class='ocrx_word' id='word_1_251' title='bbox 400 3655 433 3710; x_wconf 89' lang='lat' dir='ltr'><strong>et</strong></span> <span class='ocrx_word' id='word_1_252' title='bbox 452 3642 513 3733; x_wconf 79' lang='lat' dir='ltr'><strong>[m]</strong></span> <span class='ocrx_word' id='word_1_253' title='bbox 529 3646 694 3731; x_wconf 87' lang='lat' dir='ltr'><strong>Illyricum</strong></span> <span class='ocrx_word' id='word_1_254' title='bbox 711 3648 873 3713; x_wconf 89' lang='lat' dir='ltr'><strong>mandata.</strong></span> <span class='ocrx_word' id='word_1_255' title='bbox 901 3657 1006 3714; x_wconf 88' lang='lat' dir='ltr'><strong>cetera</strong></span> <span class='ocrx_word' id='word_1_256' title='bbox 1021 3646 1099 3733; x_wconf 88' lang='lat' dir='ltr'><strong>ipsis</strong></span> <span class='ocrx_word' id='word_1_257' title='bbox 1117 3641 1334 3734; x_wconf 66' lang='lat' dir='ltr'><strong>imperitante</strong></span> 
     </span>
     <span class='ocr_line' id='line_1_34' title="bbox 332 3739 1335 3828; baseline -0.002 -22"><span class='ocrx_word' id='word_1_258' title='bbox 332 3739 512 3826; x_wconf 87' lang='lat' dir='ltr'><strong>legatisque</strong></span> <span class='ocrx_word' id='word_1_259' title='bbox 523 3741 644 3820; x_wconf 89' lang='lat' dir='ltr'><strong>relicta,</strong></span> <span class='ocrx_word' id='word_1_260' title='bbox 661 3741 696 3807; x_wconf 89' lang='lat' dir='ltr'><strong>iu</strong></span> <span class='ocrx_word' id='word_1_261' title='bbox 709 3741 825 3825; x_wconf 88' lang='lat' dir='ltr'><strong>quibus</strong></span> <span class='ocrx_word' id='word_1_262' title='bbox 843 3763 993 3828; x_wconf 87' lang='lat' dir='ltr'><strong>praesens</strong></span> <span class='ocrx_word' id='word_1_263' title='bbox 1010 3740 1160 3806; x_wconf 88' lang='lat' dir='ltr'><strong>tractatio</strong></span> <span class='ocrx_word' id='word_1_264' title='bbox 1177 3764 1282 3808; x_wconf 90' lang='lat' dir='ltr'><strong>rerum</strong></span> <span class='ocrx_word' id='word_1_265' title='bbox 1291 3751 1335 3804; x_wconf 68' lang='lat' dir='ltr'><strong>oet</strong></span> 
     </span>
     <span class='ocr_line' id='line_1_35' title="bbox 333 3834 857 3901; baseline 0.006 -3"><span class='ocrx_word' id='word_1_266' title='bbox 333 3834 414 3899; x_wconf 88' lang='lat' dir='ltr'><strong>tlora</strong></span> <span class='ocrx_word' id='word_1_267' title='bbox 431 3834 613 3900; x_wconf 90' lang='lat' dir='ltr'><strong>subiectura</strong></span> <span class='ocrx_word' id='word_1_268' title='bbox 630 3848 699 3900; x_wconf 89' lang='lat' dir='ltr'><strong>erat</strong></span> <span class='ocrx_word' id='word_1_269' title='bbox 716 3836 857 3901; x_wconf 88' lang='lat' dir='ltr'><strong>consilia.</strong></span> 
     </span>
    </p>
   </div>
   <div class='ocr_carea' id='block_1_3' title="bbox 301 3923 1342 4396">
    <p class='ocr_par' dir='ltr' id='par_1_12' title="bbox 301 3923 1342 4396">
     <span class='ocr_line' id='line_1_36' title="bbox 301 3923 1337 4017; baseline 0.004 -22"><span class='ocrx_word' id='word_1_270' title='bbox 301 3948 314 3995; x_wconf 92' lang='lat'>1</span> <span class='ocrx_word' id='word_1_271' title='bbox 398 3927 550 3996; x_wconf 89' lang='lat' dir='ltr'><strong>XVIIII.</strong></span> <span class='ocrx_word' id='word_1_272' title='bbox 576 3929 666 3995; x_wconf 89' lang='lat' dir='ltr'><strong>Inter</strong></span> <span class='ocrx_word' id='word_1_273' title='bbox 682 3930 799 3995; x_wconf 84' lang='lat' dir='ltr'><strong>multas</strong></span> <span class='ocrx_word' id='word_1_274' title='bbox 820 3952 937 4016; x_wconf 90' lang='lat' dir='ltr'><strong>regum</strong></span> <span class='ocrx_word' id='word_1_275' title='bbox 953 3929 1166 4016; x_wconf 88' lang='lat' dir='ltr'><strong>gentiumque</strong></span> <span class='ocrx_word' id='word_1_276' title='bbox 1183 3941 1216 3998; x_wconf 90' lang='lat' dir='ltr'><strong>et</strong></span> <span class='ocrx_word' id='word_1_277' title='bbox 1232 3923 1337 4017; x_wconf 51' lang='lat' dir='ltr'><strong>popul?</strong></span> 
     </span>
     <span class='ocr_line' id='line_1_37' title="bbox 333 4020 1338 4109; baseline 0.002 -22"><span class='ocrx_word' id='word_1_278' title='bbox 333 4045 405 4088; x_wconf 91' lang='lat' dir='ltr'><strong>rum</strong></span> <span class='ocrx_word' id='word_1_279' title='bbox 427 4023 603 4109; x_wconf 88' lang='lat' dir='ltr'><strong>legationes</strong></span> <span class='ocrx_word' id='word_1_280' title='bbox 624 4023 770 4101; x_wconf 83' lang='lat' dir='ltr'><strong>Attalus,</strong></span> <span class='ocrx_word' id='word_1_281' title='bbox 797 4024 898 4090; x_wconf 82' lang='lat' dir='ltr'><strong>frater</strong></span> <span class='ocrx_word' id='word_1_282' title='bbox 918 4023 1004 4109; x_wconf 88' lang='lat' dir='ltr'><strong>regis</strong></span> <span class='ocrx_word' id='word_1_283' title='bbox 1025 4021 1200 4103; x_wconf 84' lang='lat' dir='ltr'><strong>Eumenis,</strong></span> <span class='ocrx_word' id='word_1_284' title='bbox 1227 4020 1338 4089; x_wconf 59' lang='lat' dir='ltr'><strong>marin&amp;</strong></span> 
     </span>
     <span class='ocr_line' id='line_1_38' title="bbox 301 4113 1340 4206; baseline -0.002 -21"><span class='ocrx_word' id='word_1_285' title='bbox 301 4137 316 4185; x_wconf 80' lang='lat' dir='ltr'><strong>a</strong></span> <span class='ocrx_word' id='word_1_286' title='bbox 335 4118 491 4184; x_wconf 84' lang='lat' dir='ltr'><strong>convertit</strong></span> <span class='ocrx_word' id='word_1_287' title='bbox 507 4118 541 4182; x_wconf 93' lang='lat' dir='ltr'><strong>in</strong></span> <span class='ocrx_word' id='word_1_288' title='bbox 556 4140 590 4184; x_wconf 88' lang='lat' dir='ltr'><strong>se</strong></span> <span class='ocrx_word' id='word_1_289' title='bbox 604 4118 747 4184; x_wconf 93' lang='lat' dir='ltr'><strong>omnium</strong></span> <span class='ocrx_word' id='word_1_290' title='bbox 761 4119 870 4184; x_wconf 89' lang='lat' dir='ltr'><strong>oculos</strong></span> <span class='ocrx_word' id='word_1_291' title='bbox 884 4119 1081 4202; x_wconf 89' lang='lat' dir='ltr'><strong>animosque.</strong></span> <span class='ocrx_word' id='word_1_292' title='bbox 1109 4130 1263 4206; x_wconf 87' lang='lat' dir='ltr'><strong>exceptus</strong></span> <span class='ocrx_word' id='word_1_293' title='bbox 1279 4113 1340 4183; x_wconf 66' lang='lat' dir='ltr'><strong>eni!</strong></span> 
     </span>
     <span class='ocr_line' id='line_1_39' title="bbox 335 4204 1341 4300; baseline 0.002 -23"><span class='ocrx_word' id='word_1_294' title='bbox 335 4224 383 4277; x_wconf 88' lang='lat' dir='ltr'><strong>est</strong></span> <span class='ocrx_word' id='word_1_295' title='bbox 406 4213 522 4290; x_wconf 90' lang='lat' dir='ltr'><strong>abiis,</strong></span> <span class='ocrx_word' id='word_1_296' title='bbox 548 4214 606 4298; x_wconf 92' lang='lat' dir='ltr'><strong>qui</strong></span> <span class='ocrx_word' id='word_1_297' title='bbox 627 4214 722 4279; x_wconf 93' lang='lat' dir='ltr'><strong>simul</strong></span> <span class='ocrx_word' id='word_1_298' title='bbox 744 4235 783 4279; x_wconf 92' lang='lat' dir='ltr'><strong>eo</strong></span> <span class='ocrx_word' id='word_1_299' title='bbox 805 4213 890 4279; x_wconf 94' lang='lat' dir='ltr'><strong>bello</strong></span> <span class='ocrx_word' id='word_1_300' title='bbox 913 4213 1145 4292; x_wconf 88' lang='lat' dir='ltr'><strong>militaverunt,</strong></span> <span class='ocrx_word' id='word_1_301' title='bbox 1173 4213 1254 4279; x_wconf 91' lang='lat' dir='ltr'><strong>baut</strong></span> <span class='ocrx_word' id='word_1_302' title='bbox 1268 4204 1341 4300; x_wconf 73' lang='lat' dir='ltr'><strong>psub</strong></span> 
     </span>
     <span class='ocr_line' id='line_1_40' title="bbox 301 4303 1342 4396; baseline -0.001 -23"><span class='ocrx_word' id='word_1_303' title='bbox 301 4325 316 4373; x_wconf 81' lang='lat' dir='ltr'><strong>a</strong></span> <span class='ocrx_word' id='word_1_304' title='bbox 335 4305 515 4393; x_wconf 88' lang='lat' dir='ltr'><strong>benignius,</strong></span> <span class='ocrx_word' id='word_1_305' title='bbox 523 4309 659 4393; x_wconf 88' lang='lat' dir='ltr'><strong>quamsi</strong></span> <span class='ocrx_word' id='word_1_306' title='bbox 670 4308 740 4396; x_wconf 88' lang='lat' dir='ltr'><strong>ipse</strong></span> <span class='ocrx_word' id='word_1_307' title='bbox 748 4330 806 4375; x_wconf 86' lang='lat' dir='ltr'><strong>rex</strong></span> <span class='ocrx_word' id='word_1_308' title='bbox 814 4307 978 4376; x_wconf 84' lang='lat' dir='ltr'><strong>Eumenes</strong></span> <span class='ocrx_word' id='word_1_309' title='bbox 987 4308 1138 4378; x_wconf 86' lang='lat' dir='ltr'><strong>venisset.</strong></span> <span class='ocrx_word' id='word_1_310' title='bbox 1166 4303 1342 4376; x_wconf 68' lang='lat' dir='ltr'><strong>ademerat</strong></span> 
     </span>
    </p>
   </div>
   <div class='ocr_carea' id='block_1_4' title="bbox 0 0 1684 5092">
    <p class='ocr_par' dir='ltr' id='par_1_13' title="bbox 0 0 1684 5092">
     <span class='ocr_line' id='line_1_41' title="bbox 0 0 1684 5092; baseline 0 2"><span class='ocrx_word' id='word_1_311' title='bbox 0 0 1684 5092; x_wconf 95' lang='lat' dir='ltr'><strong> </strong></span> 
     </span>
    </p>
   </div>
  </div>
 </body>
</html>
