3359 5092
528 549 647 606 11111
662 549 852 622 xxxxim,
870 549 914 605 11.
934 548 1090 619 [11111]
1263 536 1325 604 121

286 730 386 777 nemo
407 707 556 773 exstabit.
599 731 675 773 nam
692 730 779 773 nunc
796 708 927 791 quidem
944 709 1031 792 quod
1047 708 1146 793 vulgo
1163 708 1243 786 fieri,
1261 707 1322 774 hoc
1341 730 1356 778 1

286 803 467 892 praecipue
482 803 575 879 bello,
589 803 808 881 animadverti,
826 825 921 868 nemo
931 814 997 867 tam
1011 803 1116 868 famae
1126 814 1325 889 contemptor

286 911 353 978 est,
380 898 474 963 cuius
491 919 556 962 non
574 898 732 963 debilitari
750 898 875 963 animus
893 897 1002 984 possit.
1046 898 1081 962 in
1098 897 1245 963 omnibus
1264 897 1358 967 cir-8

286 994 388 1069 culis,
416 1004 513 1077 atque
539 993 649 1071 etiam,
677 994 704 1058 si
730 994 778 1058 dts
805 995 925 1079 placet,
953 992 987 1057 in
1009 993 1151 1058 convivis
1172 1005 1247 1059 1111
1269 994 1325 1077 qui

285 1089 454 1157 exereitus
471 1089 505 1153 in
521 1088 747 1153 Macedoniam
764 1089 894 1166 ducant,
911 1087 969 1153 ubi
986 1100 1091 1154 castra
1107 1089 1244 1153 locanda
1261 1089 1325 1153 sint

287 1186 411 1261 sciant,
437 1205 520 1267 quae
541 1184 612 1248 loca
628 1183 794 1270 praesidiis
812 1183 1016 1269 occupanda,
1041 1184 1169 1268 quando
1188 1195 1244 1248 aut
1261 1205 1324 1266 quo

285 1282 375 1346 saltu
393 1280 754 1355 intrandaMacedonia,
772 1279 828 1344 ubi
846 1279 959 1345 horrea
976 1279 1135 1366 ponenda,
1152 1292 1324 1364 quatem,

285 1375 371 1440 mari
390 1373 611 1439 subvehantur
627 1385 839 1451 commeatus,
864 1374 992 1458 quando
1011 1396 1085 1439 cum
1103 1374 1193 1441 hoste
1210 1398 1324 1440 manus

287 1469 530 1546 conserendae,
553 1469 682 1553 quando
699 1470 826 1554 quiesse
844 1470 885 1534 sit
906 1469 1030 1535 melius.
1073 1492 1134 1535 nec
1151 1470 1229 1555 quid
1246 1468 1325 1535 faci·
1344 1487 1358 1535 9

287 1565 413 1630 endum
439 1563 481 1628 sit
498 1564 594 1628 modo
611 1575 769 1640 statuunt,
793 1565 850 1630 sed
868 1564 1024 1648 quidquid
1042 1565 1133 1631 aliter
1149 1586 1247 1649 quam
1264 1566 1326 1652 ipsi

287 1677 450 1725 censuere
467 1657 589 1722 factum
607 1670 669 1734 est,
692 1659 856 1723 consulem
874 1657 974 1723 veluti
992 1659 1076 1724 dicta
1094 1659 1145 1724 die
1163 1672 1323 1724 accusant.

288 1751 369 1820 baec
388 1774 511 1838 magna
526 1752 753 1838 impedimenta
770 1776 821 1818 res
838 1754 1034 1839 gerentibus,
1053 1776 1136 1837 quae
1155 1752 1250 1840 [...];
1268 1777 1324 1819 ne·
1344 1771 1374 1819 10

290 1867 351 1934 que
380 1847 471 1913 enim
497 1868 608 1913 omnes
633 1858 700 1912 tam
724 1849 808 1913 firmi
835 1861 868 1913 et
893 1849 1066 1914 constantis
1093 1849 1192 1913 animi
1214 1860 1325 1914 contra

294 1943 467 2008 adversum
483 1962 643 2006 rumorem
660 1965 731 2008 esse
747 1954 882 2027 possunt
900 1940 1028 2029 [quam]
1049 1942 1091 2025 Q.
1109 1943 1233 2008 Fabius
1250 1942 1322 2020 firit,

297 2037 343 2122 qui
368 2059 470 2102 suum
492 2035 661 2122 imperium
682 2037 784 2100 minui
804 2059 863 2122 per
885 2038 1060 2102 vanitatem
1083 2037 1193 2123 populi
1210 2037 1324 2102 maluit

285 2143 389 2216 'quam
403 2132 548 2197 secunda
564 2131 651 2196 fama
663 2131 747 2197 male
760 2155 829 2197 rem
845 2132 1008 2218 publicam
1021 2155 1143 2218 gerere.
1170 2154 1236 2197 non
1252 2155 1324 2197 sum
1344 2150 1373 2195 11

285 2225 334 2308 is,
359 2228 419 2311 qui
446 2248 512 2291 non
538 2227 726 2291 existumem
753 2226 971 2291 admonendos
993 2227 1091 2293 duces
1114 2250 1199 2305 esse;
1226 2228 1323 2292 immo

285 2343 461 2431 pum,qu1
451 2320 520 2386 de
538 2344 596 2385 sua
612 2322 707 2386 unius
726 2321 882 2386 sententia
899 2322 1006 2386 omnia
1022 2332 1128 2407 gerat,
1151 2320 1325 2407 superbum

285 2411 399 2480 riudico
416 2415 523 2500 magis
545 2437 643 2499 quam
665 2415 851 2525 sapientem
896 2416 974 2499 quid
998 2437 1074 2502 ergo
1093 2416 1159 2481 est?
1185 2415 1325 2501 primum
1343 2430 1374 2478 12

285 2503 291 2567 Ξ
308 2509 542 2595 aprudentibus
561 2520 592 2574 et
609 2510 736 2595 proprie
749 2532 795 2575 rer
785 2509 957 2574 militaris
974 2510 1084 2596 peritis
1099 2521 1132 2575 et
1145 2532 1207 2574 usu
1222 2508 1323 2573 doctis

308 2603 445 2668 monendi
471 2603 678 2689 imperatores
702 2615 790 2682 sunt,
818 2604 933 2669 deinde
952 2605 994 2668 ab
1017 2604 1066 2668 his
1089 2603 1144 2712 qpi
1166 2603 1324 2668 intersunt

309 2697 443 2780 gerendis
468 2694 594 2783 [rebus,
621 2694 692 2783 qui]
710 2699 795 2775 loca,
823 2699 879 2782 qui
902 2698 1040 2775 hostem,
1068 2698 1124 2781 qui
1144 2708 1324 2808 temporum

285 2791 565 2900 -0pportunitatem
581 2792 701 2870 vident,
719 2794 775 2876 qui
792 2793 826 2858 in
844 2793 957 2858 eodem
975 2793 1063 2858 velut
1081 2793 1209 2878 navigio
1227 2792 1325 2878 parti·

308 2885 381 2971 ‹ipes
399 2896 476 2951 sunt
493 2886 636 2971 periculi
663 2886 771 2971 itaque
789 2888 906 2972 siquis
925 2887 1325 2972 est,qu1quoderepu·
1344 2901 1374 2947 13

285 3011 288 3036 ι
308 2975 379 3045 blica
395 2981 437 3045 sit
456 2980 589 3045 suadere
608 3003 642 3045 se
659 2981 789 3046 mihim
803 3003 841 3046 eo
859 2981 954 3058 bello,
972 2982 1059 3065 quod
1075 2993 1224 3067 gesturus
1242 3004 1324 3055 sum,

308 3073 473 3150 confidat,
463 3097 492 3139 11
509 3098 551 3139 11
568 3075 705 3160 deneget
726 3097 857 3161 operam
879 3075 926 3140 rei
946 3076 1094 3161 publicae
1112 3086 1144 3140 et
1161 3076 1194 3138 in
1212 3075 1325 3138 Mace·

308 3165 425 3233 doniam
443 3191 571 3234 mecum
587 3169 704 3234 veniat.
747 3192 844 3248 nave,
863 3191 956 3253 equo,
974 3169 1190 3245 tabemeculo,
1208 3169 1324 3233 viatico

309 3261 393 3327 etiam
410 3287 432 3327 a
447 3286 500 3328 me
517 3263 687 3328 iuvabitur.
714 3264 740 3328 si
759 3286 856 3348 quem
872 3263 907 3328 id
924 3264 1031 3328 facere
1048 3263 1137 3349 piget
1150 3260 1213 3349 [et]
1223 3262 1324 3327 otium
1344 3280 1375 3326 14

309 3357 457 3423 urbanum
474 3358 604 3423 militiae
620 3358 784 3424 laboribus
802 3371 984 3445 praeoptat,
1007 3380 1025 3422 e
1042 3369 1127 3422 terra
1143 3380 1184 3422 ne
1206 3358 1325 3443 guber·

310 3454 429 3518 neverit.
475 3474 656 3518 sermonum
678 3452 754 3518 satis
776 3454 846 3539 ipsa
868 3453 1000 3538 praebet
1021 3452 1108 3516 urbs.
1151 3451 1375 3535 loquacitas-15

310 3559 366 3611 tem
385 3570 478 3612 suam
501 3548 675 3613 contineat:
701 3570 760 3614 nos
783 3548 999 3613 castrensibus
1017 3547 1143 3612 consilis
1161 3557 1325 3612 contentos

311 3637 424 3708 futuros
442 3665 513 3708 esse
531 3643 630 3707 sciat)
657 3643 698 3707 ab
716 3642 777 3708 hac
794 3643 952 3717 contione,
967 3641 1104 3719 Latinis,
1123 3663 1205 3726 quae
1222 3641 1325 3727 pridie
1345 3658 1375 3705 16

310 3730 364 3801 bl.
380 3736 511 3823 Apriles
532 3736 674 3814 fuerunt,
700 3736 735 3801 in
756 3747 865 3801 monte
888 3736 1041 3802 sacrificio
1063 3736 1123 3801 rite
1144 3747 1326 3822 perpetrato

309 3830 443 3914 protinus
465 3831 540 3897 inde
562 3842 594 3896 11
616 3832 777 3897 consulet
799 3842 928 3917 praetor
945 3828 1007 3895 Cn.
1027 3827 1184 3895 Octavius
1201 3830 1235 3894 in
1251 3830 1326 3893 Ma-

309 3927 467 3993 cedoniam
489 3927 625 4012 profecti
647 3939 730 3993 sunt.
775 3925 927 3990 traditum
945 3925 1117 3992 memoriae
1135 3936 1184 3990 111
1205 3924 1324 3987 maiore
1345 3940 1374 3987 17

308 4039 398 4104 quam
415 4022 511 4088 solita
526 4022 705 4106 frequentia
722 4019 984 4107 prosequentium
1002 4020 1165 4085 consulem
1187 4016 1327 4083 celebra·

306 4129 368 4183 tum
390 4141 429 4183 ac
455 4137 557 4204 prope
579 4128 666 4183 certa
688 4139 745 4204 spe
767 4116 925 4181 ominatos
947 4137 1017 4180 esse
1044 4114 1204 4188 homines,
1229 4110 1327 4174 finem

305 4209 513 4281 Macedonico
548 4212 631 4280 bello
661 4224 887 4297 maturumque
918 4210 1056 4278 reditum
1087 4230 1161 4273 cum
1196 4202 1325 4289 egregio

303 4309 462 4396 triumpho
480 4308 619 4374 consulis
637 4307 715 4372 fore

1299 4453 1456 4545 fl
