3359 5092
353 513 418 577 2⁵22
482 524 703 582 PERIOCHAE
721 524 926 582 LIBRORUM
943 523 1278 582 CXXVII-CXXXII.

354 666 491 733 obstaret,
505 680 576 734 pace
590 662 668 720 faeta
681 680 744 718 cnm
753 662 874 719 Caesare
889 679 1010 718 sororem
1024 662 1083 718 eius
1093 660 1242 718 Octaviam
1254 664 1285 719 in
1292 665 1376 717 matri-

353 734 477 787 monium
491 733 577 787 duxit.
600 731 635 798 Q.
646 731 837 788 Salvidienum
847 730 1082 787 consilianefaria
1091 733 1228 787 adversus
1237 733 1375 789 Caesarem

353 802 480 856 molitum
489 801 591 856 indicio
601 818 651 856 suo
659 801 804 872 protraxit,
814 801 838 853 is
858 801 1052 856 nedamnatus
1059 802 1328 858 mortemeonseivit.
1348 802 1389 870 P.

354 870 502 927 Ventidius
519 869 625 923 Antoni
647 871 759 942 legatus
778 870 803 924 P
868 886 899 923 os
921 869 1029 939 proelio
1050 869 1140 923 victos
1164 868 1250 941 Syria
1271 888 1286 927 e
1323 870 1372 937 ulit,

354 939 483 995 Labieno
497 955 591 993 eorum
606 939 676 993 duee
690 939 791 993 occiso.
819 955 883 992 cum
894 939 1002 992 vicinus
1010 938 1112 993 Italiae
1125 939 1216 993 hostis
1227 888 1389 995 Salio,-

374 1008 432 1063 eius
443 1007 567 1063 Siciliam
580 1012 689 1063 teneret
703 1013 732 1062 et
745 1007 941 1062 commercium
950 1024 1078 1062 monae
1086 1007 1242 1078 inpediret,
1257 1014 1371 1078 expostu-

352 1027 440 1130 iatam
455 1094 518 1130 cum
531 1093 564 1130 eo
598 1093 677 1131 acem
690 1075 796 1131 Caesar
808 1081 838 1131 et
850 1076 990 1130 Antonius
1002 1075 1144 1145 fecerunt,
1158 1078 1202 1131 ita
1213 1082 1246 1130 ut
1262 1076 1370 1131 Siciliam

353 1145 526 1269 proutiipcpam
542 1094 669 1201 haieret
695 1151 845 1215 praeterea
861 1149 953 1198 motus
969 1143 1085 1201 Africae
1102 1150 1133 1199 et
1149 1144 1230 1199 bella
1246 1144 1286 1200 ibi
1304 1152 1369 1217 gesta

353 1230 406 1268 eon
450 1231 487 1268 e.

747 1283 788 1325 ax
801 1284 857 1324 nus.
873 1282 992 1324 cxxvm.

405 1351 476 1406 Cum
490 1348 552 1406 Sex.
567 1349 718 1420 Pompeius
730 1367 825 1403 rursus
839 1348 994 1405 latrociniis
1006 1367 1083 1406 mare
1096 1348 1232 1405 infestum
1245 1351 1365 1416 redderet,

352 1436 405 1475 nec
418 1437 517 1491 pacem
531 1436 616 1490 quam
630 1436 697 1474 acce
719 1424 780 1472 erat
787 1424 955 1488 praestaret,
967 1417 1072 1473 Caesar
1079 1420 1243 1474 necessario
1253 1420 1365 1474 adversus

354 1506 417 1544 eum
433 1488 508 1543 bello
526 1493 670 1557 suscepto,
709 1488 799 1541 ucbus
815 1486 964 1541 navalibus
976 1487 1089 1556 proeliis
1104 1504 1168 1541 eum
1183 1489 1270 1544 dubio
1284 1495 1364 1543 eventu

353 1558 498 1629 pugnavit.
525 1557 558 1611 P.
568 1555 718 1611 Ventidius
731 1556 843 1627 legatus
852 1554 890 1608 M.
900 1555 1007 1610 Antoni
1015 1556 1136 1610 Parthos
1145 1556 1175 1609 in
1186 1556 1270 1628 Syria
1277 1556 1363 1628 proelio

352 1626 420 1680 vicit
440 1642 591 1697 regemque
615 1642 710 1679 eorum
728 1624 838 1678 oceidit.
873 1623 975 1680 Iudaei
991 1641 1101 1694 quoque
1120 1642 1138 1679 a
1157 1625 1262 1697 legatis
1279 1623 1362 1680 Antoni

353 1694 463 1750 subacti
472 1700 544 1749 sunt.
562 1699 710 1765 praeterea
718 1692 788 1749 belli
799 1692 887 1748 Siculi
897 1699 1064 1763 apparatum
1073 1695 1209 1749 continet.

746 1782 786 1822 EX
795 1782 851 1822 LIB.
860 1781 987 1824 cxxvlm.

403 1851 545 1906 Adversus
555 1849 617 1905 Sex.
623 1849 788 1920 Pompeium
796 1849 874 1904 vario
884 1854 985 1905 eventu
993 1850 1142 1905 navalibus
1150 1851 1266 1921 proeliis
1276 1866 1361 1923 pugna·

352 1925 411 1973 tum
429 1925 485 1988 est,
504 1919 546 1972 ita
563 1926 596 1971 ut
609 1936 643 1973 ex
655 1918 764 1972 duabus
778 1917 907 1973 Caesaris
921 1918 1056 1974 classibus
1072 1919 1176 1987 altera,
1197 1920 1243 1974 cui
1255 1921 1361 1991 Agrippa

352 1993 495 2057 praeerat,
505 1988 642 2054 vinceret,
659 1987 761 2057 altera,
778 2003 862 2057 quam
871 1986 978 2042 Caesar
986 1987 1112 2056 duxerat,
1123 1988 1220 2043 deleta
1229 1987 1361 2058 expositiin

352 2064 456 2110 terram
464 2056 567 2110 milites
576 2056 606 2109 in
615 2071 661 2109 ma
702 2072 718 2109 o
728 2055 853 2126 periculo
863 2060 965 2111 essent.
982 2056 1072 2110 rietus
1082 2056 1184 2111 deinde
1194 2056 1361 2137 Pompeiusir

354 2123 477 2179 Siciliam
494 2124 628 2195 profugit.
655 2074 847 2194 MiLepidus,
858 2123 911 2248 gui
925 2142 958 2179 ex
966 2124 1066 2179 Africa
1078 2125 1156 2180 velut
1169 2126 1208 2179 ad
1221 2131 1361 2181 soc1etaton

352 2192 421 2248 belli
439 2199 537 2248 contra
555 2192 618 2248 Sex.
636 2193 801 2263 Pompeium
821 2210 838 2248 a
882 2209 980 2248 aesare
998 2194 1115 2265 gerendi
1132 2194 1295 2262 traiecerat,
1315 2209 1360 2247 cnm

352 2261 458 2317 bellum
476 2261 592 2317 Caesari
614 2278 724 2332 quoque
742 2262 871 2330 inferret,
897 2262 1010 2316 relictus
1029 2262 1065 2317 ab
1085 2263 1222 2332 exercitu,
1247 2264 1360 2333 abrogato

352 2330 541 2385 triumviratus
554 2331 658 2386 honere
669 2332 756 2385 vitam
764 2330 932 2400 impetravit.
959 2330 997 2383 Μ.
1007 2330 1138 2455 Agrippa
1147 2332 1243 2386 navali
1254 2345 1361 2387 coronae

353 2399 475 2456 Caesare
485 2401 603 2455 donatus
614 2404 664 2471 est,
675 2400 723 2470 qui
731 2399 820 2452 honos
829 2400 902 2453 nulli
911 2404 976 2454 ante
986 2417 1049 2455 eum
1058 2400 1096 2454 ha
1117 2400 1172 2454 itus
1182 2406 1252 2456 erat.

765 2486 807 2526 nx
819 2486 877 2527 nne.
888 2486 973 2528 cxxx.

403 2552 441 2607 M.
450 2553 590 2609 Antonius
600 2554 666 2608 dum
675 2570 738 2608 eum
747 2552 900 2623 Cleopatra
908 2553 1101 2622 luxuriaretur,
1116 2554 1199 2610 tarde
1209 2554 1324 2610 Mediam
1331 2551 1360 2606 in·

351 2640 464 2694 gressus
477 2624 583 2678 bellum
597 2640 661 2678 cum
673 2621 832 2693 legionibus
847 2621 944 2677 decem
958 2627 987 2677 et
1000 2627 1063 2676 octo
1078 2628 1107 2677 et
1120 2624 1262 2679 sexdecim
1270 2623 1361 2677 milibus

352 2693 477 2761 equitum
485 2692 598 2746 Parthis
607 2691 710 2759 intulit,
725 2695 755 2745 et
763 2707 826 2745 cum
835 2689 946 2745 duabus
955 2690 1116 2763 legionibus
1126 2692 1248 2762 amissis,
1265 2692 1361 2767 millars¹

351 2776 484 2829 prospere
498 2761 616 2814 cedente
625 2766 700 2814 retro
709 2758 826 2827 rediret,
841 2760 976 2815 insecutis
985 2759 1103 2815 subinde
1112 2760 1228 2815 Parthis
1237 2767 1266 2817 et
1274 2762 1361 2833 ingenti

352 2827 539 2896 trepidatione
554 2833 582 2881 et
594 2843 697 2899 magno
707 2828 791 2882 totius
801 2828 938 2883 exercitus
968 2828 1071 2883 ericulo
1080 2829 1110 2881 in
1118 2830 1283 2886 Armeniam
1290 2843 1361 2885 rever·

352 2912 398 2974 sus
413 2901 442 2950 et
453 2895 554 2967 viginti
564 2901 592 2950 et
601 2912 656 2950 uno
667 2895 764 2950 diebus
773 2902 902 2952 trecenta
910 2846 989 2951 miiia
997 2897 1067 2968 fuga
1076 2914 1219 2967 emensus,
1235 2900 1361 2954 eircuocto

351 2964 429 3019 mrlia
441 2964 583 3019 hominum
595 2965 808 3034 tempestatibus
823 2966 924 3019 amisit.
950 2971 1007 3020 tem
1029 2972 1134 3021 estates
1144 2984 1255 3038 quoque
1265 2967 1361 3022 infesta

352 3038 502 3103 supertam
511 3033 661 3089 infeliciter
669 3039 828 3103 susceptum
836 3033 1001 3088 Parthicum
1008 2985 1119 3089 ivellum
1129 3036 1215 3107 culpa
1224 3054 1275 3092 sua
1282 3049 1361 3107 passus

352 3110 403 3173 est,
419 3103 485 3174 quia
494 3103 616 3159 hiemare
626 3101 932 3173 inArmenianolebat,
947 3103 1013 3161 dum
1023 3103 1059 3158 ad
1069 3102 1251 3176 Cleopatram
1258 3104 1361 3161 festimt

753 3191 792 3231 Ex
805 3191 864 3231 LlB.
879 3191 975 3233 CXXXI.

403 3257 465 3313 Sex.
476 3257 627 3329 Pompeius
637 3273 700 3311 cum
708 3255 831 3311 infidam
841 3256 879 3311 M.
890 3257 997 3315 Antoni
1005 3256 1121 3328 veniret,
1131 3257 1239 3314 bellum
1249 3259 1362 3315 adversus

352 3343 415 3382 eum
428 3328 457 3380 in
467 3327 536 3380 Asia
549 3327 680 3395 moliens,
695 3326 844 3396 obpressus
859 3327 993 3398 elegatis
1006 3326 1065 3382 eius
1080 3327 1190 3382 occisus
1200 3333 1251 3384 est.
1277 3328 1363 3384 Caesa

352 3395 517 3449 seditionem
525 3401 719 3449 veteranorum
728 3411 790 3449 cum
799 3410 904 3466 magna
914 3394 1037 3466 pernicie
1045 3400 1151 3450 motam
1160 3395 1326 3467 inhibuit,Ia
1340 3410 1362 3463 y·

352 3464 402 3515 das
417 3468 446 3517 et
458 3462 605 3517 Dalmatas
620 3470 649 3518 et
662 3463 823 3517 Pannonios
837 3464 959 3535 subegit.
985 3464 1128 3518 Antonius
1140 3465 1317 3521 Artavasden
1355 3490 1363 3500 ·

350 3530 460 3586 meniae
484 3548 593 3602 regem,
620 3530 677 3611 lide
704 3532 772 3612 data
793 3532 972 3603 perductum,
993 3534 1024 3586 in
1044 3533 1163 3615 vincula·
1181 3534 1273 3590 conici
1292 3531 1362 3608 iussit,

351 3599 1364 3742 {estitituttttttttlttttteutitii‘W'

749 3757 789 3798 EX
802 3759 858 3798 LlB.
874 3758 981 3799 cxxxu.

403 3820 509 3877 Caesar
520 3823 549 3876 in
558 3822 672 3894 Illyrico
681 3822 831 3878 Dalmatas
846 3823 961 3879 domuit.
988 3840 1050 3879 eum
1059 3822 1098 3878 M.
1107 3824 1251 3882 Antonius
1260 3826 1295 3882 eb
1305 3838 1364 3881 emt

350 3908 411 3946 rem
428 3890 610 3961 Cleopatrae,
639 3910 673 3947 ex
695 3908 752 3962 qua
774 3893 844 3947 duos
861 3891 935 3947 filios
951 3893 1089 3963 habebat,
1110 3893 1327 3966 Philadelphum
1344 3898 1365 3945 et

350 3961 549 4041 Alexandrum,
560 3977 651 4041 neque
660 3962 690 4014 in
698 3962 796 4017 urbem
805 3960 899 4016 venire
907 3962 994 4016 vellet
1001 3979 1093 4044 neque
1101 3960 1183 4018 finito
1193 3965 1365 4043 triumviratu

349 4030 1003 4169 titttiitttuglttttttaltttttt
1012 4031 1366 4170 &dimidii

351 4168 387 4221 ob
409 4168 463 4222 hoe
484 4140 636 4222 consuitis
657 4167 828 4239 remissoque
846 4166 982 4223 Octaviae
1000 4167 1087 4223 sorori
1105 4167 1237 4232 Caesaris
1254 4117 1365 4241 repudio,

351 4236 457 4292 Caesar
471 4236 501 4290 in
513 4236 631 4306 Epirum
645 4253 709 4291 cum
722 4237 845 4293 exercitu
853 4237 972 4292 traiecit.
997 4254 1113 4309 pugnae
1123 4238 1227 4298 deinde
1236 4238 1366 4296 minuet
1401 4269 1402 4292 i

349 4304 458 4375 proelia
467 4305 608 4375 equestria
616 4306 740 4361 secunda
749 4305 878 4362 Caesaris
886 4305 1053 4362 referuntur.
