3359 5092
497 531 820 603 nmuaxxxxmr,
837 533 937 590 arse.
957 529 1108 604 [aoros]
1257 521 1319 588 139

293 696 349 763 sed
374 715 483 760 rerum
508 713 659 778 praesens
685 691 818 757 effectus
845 702 922 756 erat.
965 692 1125 756 neminem
1148 691 1222 757 totis
1243 714 1352 763 moxa

294 789 403 856 castris
428 787 572 872 quietum
593 785 734 861 videres3
760 807 875 851 acuere
898 784 952 849 alii
973 784 1112 870 gladios,
1138 785 1192 850 alii
1209 788 1318 872 galeas

289 883 521 966 bucculasque,
539 890 702 946 scutorum
720 877 789 965 [alii
807 875 887 965 ..],
905 878 959 944 alii
976 878 1089 944 loricas
1108 890 1246 965 tergere,
1264 880 1318 946 alii

290 990 401 1064 aptare
415 974 541 1062 corpori
554 996 653 1050 arma,
668 974 867 1060 experirique
883 973 944 1038 sub
957 974 1006 1038 his
1021 973 1237 1040 membrorum
1250 975 1319 1062 agi·

288 1073 425 1149 litatem,
442 1080 575 1154 quatere
588 1068 642 1133 alii
655 1068 730 1153 pila,
744 1067 798 1132 alii
810 1068 928 1133 micare
942 1068 1057 1154 gladiis
1071 1090 1319 1154 mucronemque

287 1165 423 1243 intueri,
449 1175 487 1227 ut
507 1162 600 1227 facile
623 1162 695 1245 quis
718 1173 875 1238 cerneret,
897 1162 955 1226 nbi
974 1162 1114 1247 primum
1132 1163 1350 1231 conserendis

287 1281 424 1326 manum
442 1279 516 1323 oum
529 1255 619 1321 hoste
634 1255 709 1320 data
723 1256 847 1322 occasio
861 1267 954 1333 esset,
974 1268 1029 1322 aut
1042 1257 1174 1322 victoria
1188 1258 1318 1343 egregia

285 1365 344 1420 ant
359 1363 466 1418 morte
484 1350 682 1416 memorabili
699 1349 844 1415 finituros
867 1350 997 1416 bellum.
1031 1350 1171 1417 Perseus
1189 1373 1316 1438 quoque
1336 1373 1368 1423 lo

285 1471 364 1516 curn
391 1447 533 1513 adventu
556 1445 695 1512 consulis
717 1445 812 1511 simul
839 1458 872 1511 et
892 1446 976 1511 veris
998 1447 1154 1533 principio
1177 1459 1316 1533 strepere

285 1544 397 1611 omnia
419 1542 603 1626 moverique
625 1553 704 1627 aput
726 1539 834 1606 hostes
856 1542 944 1608 velut
960 1564 1044 1608 novo
1062 1541 1146 1609 hello
1164 1557 1315 1620 comeret,

285 1648 378 1704 mota
390 1660 411 1701 a
425 1635 522 1700 Phila
538 1647 642 1700 castra
659 1634 692 1699 in
710 1634 844 1700 adversa
861 1635 931 1722 ripa
947 1636 1061 1722 posita,
1079 1659 1164 1702 nuno
1182 1637 1223 1702 ad
1242 1658 1318 1702 eon-

285 1730 477 1819 templanda
489 1751 587 1815 opera
600 1752 660 1794 sua
674 1729 840 1795 circumire
854 1729 979 1808 ducem,
997 1730 1189 1798 hauddubie
1203 1732 1317 1798 transi·

285 1839 338 1892 tus
358 1822 596 1912 speculan[tem
680 1821 915 1909 Roma]norum
932 1847 1012 1890 esse.

351 1918 510 1986 XXXV.
537 1918 631 2000 Quae
648 1941 699 1984 res
707 1918 862 1984 Romanis
880 1920 969 1984 auxit
986 1920 1317 1998 animos,Maoed0ni-
1336 1959 1348 2002 1

285 2015 347 2083 hus
366 2015 502 2101 regique
520 2036 629 2079 eorum
646 2013 726 2079 haut
743 2015 936 2081 mediocrem
953 2015 1059 2080 attulit
1077 2027 1237 2081 terrorem.
1284 2027 1315 2081 et
1334 2035 1348 2081 2

285 2112 393 2198 primo
412 2109 610 2195 supprimere
632 2108 665 2174 in
683 2110 808 2175 occulto
824 2108 945 2174 famam
963 2109 1031 2176 eius
1053 2111 1100 2176 rei
1118 2123 1167 2176 est
1184 2122 1316 2176 conatus

285 2205 408 2282 missis,
437 2204 492 2286 qui
515 2203 741 2268 Pantauchum
760 2202 834 2268 inde
859 2203 1037 2269 venientem
1059 2204 1315 2290 adpropinquare

285 2299 401 2365 castris
425 2309 580 2362 vetarent.
624 2297 681 2363 sed
702 2296 766 2361 iam
789 2297 822 2362 e't
843 2297 935 2383 pueri
957 2297 1088 2382 quidam
1111 2298 1171 2362 visi
1189 2297 1231 2362 ab
1249 2299 1348 2364 suisa
1436 2309 1439 2316 '

285 2404 379 2460 erant
396 2393 481 2458 inter
499 2391 617 2456 obsidis
630 2391 757 2477 Illyrios
775 2391 863 2457 ducti
868 2417 877 2470 ;
896 2403 928 2458 et
945 2414 1009 2478 quo
1023 2412 1168 2476 quaeque
1186 2415 1316 2458 accura-

285 2489 350 2554 tius
369 2487 529 2563 celantur,
557 2507 595 2551 eo
612 2486 736 2551 facilius
759 2487 950 2571 loquacitate
974 2486 1134 2573 regiorum
1156 2486 1316 2553 ministro-

285 2603 361 2648 rum
379 2593 540 2647 emanant.

355 2675 429 2743 Sub
455 2674 540 2744 idem
567 2687 691 2762 tempus
714 2673 821 2740 Rhodi
847 2675 946 2760 legati
970 2673 1004 2739 in
1030 2686 1133 2740 castra
1159 2687 1349 2742 venerumtr

285 2791 363 2836 cum
379 2769 484 2835 isdem
498 2770 537 2834 de
550 2791 630 2854 pace
644 2769 812 2846 mandatis,
830 2791 913 2853 quae
921 2769 1045 2835 Romae
1057 2769 1220 2855 ingentem
1235 2769 1315 2836 iram

285 2879 416 2950 patrum
435 2864 623 2929 excitavere.
649 2864 750 2928 multo
767 2863 977 2946 iniquioribus
994 2862 1107 2927 animis
1125 2886 1146 2927 a
1163 2865 1314 2930 castrensi

286 2958 422 3026 oonsilio
440 2956 539 3022 auditi
557 2967 639 3021 sunt.
665 2956 775 3040 itaque
793 2978 866 3021 cum
885 2958 926 3022 ali
940 2954 965 3043 [.
976 3005 984 3022 .
995 3004 1004 3021 .
1015 3004 1038 3034 .,
1053 2956 1109 3043 ali]
1124 2957 1314 3043 praecipites
1332 2977 1347 3024 5

287 3052 356 3118 sine
365 3072 519 3137 responso
529 3049 670 3138 agendos
679 3050 801 3127 castris,
812 3048 910 3136 [ipse]
920 3051 1136 3135 pronuntiavit
1148 3063 1221 3136 post
1231 3052 1314 3118 diem

288 3146 438 3230 quintum
464 3145 622 3211 decimum
643 3167 678 3210 se
698 3166 887 3230 responsum
909 3144 1066 3209 daturum.
1109 3144 1252 3223 interim,
1279 3159 1348 3212 uto

287 3250 471 3326 appareret,
494 3249 648 3322 quantum
671 3239 906 3324 pacificantium
923 3238 1122 3304 Rhodiorum
1144 3240 1315 3306 auctoritas

288 3331 452 3409 valuisset,
471 3333 650 3398 consultare
667 3332 708 3398 de
724 3333 846 3399 ratione
863 3332 939 3399 belli
955 3332 1088 3418 gerendi
1106 3334 1220 3419 coepit.
1245 3334 1314 3421 pla-
1333 3352 1347 3399 r

289 3429 383 3495 sebar
401 3428 609 3512 quibusdam,
632 3439 664 3494 et
680 3429 818 3494 maxime
835 3428 1008 3493 maioribus
1030 3438 1122 3506 natu,
1144 3451 1202 3515 per
1219 3429 1314 3517 Elpei

288 3522 391 3609 ripam
404 3519 661 3607 munitionesque
674 3523 740 3588 vim
753 3523 873 3589 faeere:
893 3522 1042 3588 confertis
1051 3534 1082 3589 et
1096 3545 1161 3589 uno
1171 3521 1314 3613 [agmine

288 3611 460 3704 impetum]
479 3616 670 3682 facientibus
687 3618 833 3684 resistere
850 3617 1047 3683 Macedonas
1064 3640 1129 3683 non
1145 3641 1254 3704 posse,
1272 3642 1313 3686 ex

288 3717 335 3778 tot
361 3712 499 3777 castellis
527 3711 688 3797 aliquanto
711 3711 875 3779 altioribus
902 3734 940 3777 ac
965 3712 1203 3791 munitioribus,
1230 3737 1312 3799 quae

289 3806 401 3872 validis
419 3805 585 3893 praesidiis
607 3806 812 3884 insedissent,
833 3807 938 3893 priore
956 3828 1039 3871 anno
1058 3806 1205 3873 deiectos.
1243 3810 1346 3878 aliiae

288 3901 437 3986 placebat
454 3899 628 3967 Octavium
650 3921 724 3966 cum
747 3902 848 3967 classe
871 3901 1131 3969 Thessalonicam
1152 3916 1259 3989 petere
1280 3916 1312 3970 et

287 3996 494 4082 populatione
511 3994 700 4061 maritumae
717 4015 792 4062 orae
809 3995 997 4082 distringere
1014 3996 1122 4083 copias
1134 3996 1255 4081 regias,
1277 4007 1313 4061 ut

287 4092 387 4156 altero
405 4091 448 4156 ab
469 4101 561 4177 tergo
579 4114 613 4158 so
630 4092 816 4158 ostendente
838 4092 922 4157 bello
940 4092 1150 4158 circumactus
1167 4091 1209 4156 ad
1231 4091 1312 4159 ints·

285 4186 404 4251 riorem
421 4195 546 4270 partem
563 4187 654 4271 regni
671 4185 823 4252 tuendam
836 4186 958 4253 nudare
971 4187 1078 4271 aliqua
1095 4196 1184 4272 parte
1198 4186 1312 4252 transi·

285 4291 339 4346 tus
357 4279 453 4368 Elpei
471 4292 646 4367 cogeretur.
673 4281 735 4368 ipsi
751 4296 866 4350 natura
883 4293 915 4351 ot
936 4281 1085 4369 operibus
1106 4281 1343 4369 inexsuperaa
