3359 5092
436 523 500 593 180
641 534 758 592 LIBER
774 533 932 605 XXXXV,
949 534 992 588 30.
1006 534 1048 588 31.
1068 536 1143 602 [au.
1153 533 1251 603 aest]

403 720 418 769 s
437 696 683 782 Hellespontum
700 704 878 781 opportune
896 693 989 757 versi.
1021 690 1113 756 tertia
1130 692 1219 777 regio
1235 690 1354 756 nobilis
1372 713 1391 754 u

436 789 595 856 Edessam
612 800 642 854 et
660 789 819 855 Beroeam
837 799 870 858 et
886 786 1011 853 Pellam
1027 785 1124 850 habet
1147 797 1179 850 et
1196 786 1381 850 Bottiorum

436 885 568 949 bessam
599 893 743 969 gentem,
777 882 899 948 incolas
931 901 1059 965 quoque
1090 880 1265 964 permultos
1294 878 1390 945 Gallo

403 999 418 1050 6
436 978 574 1064 Illyrios,
591 977 734 1064 inpigros
752 978 899 1042 cultores.
934 986 1081 1059 quartam
1097 975 1262 1059 regionem
1275 972 1391 1037 Eordat

436 1071 617 1157 Lyncestae
635 1083 668 1137 et
683 1071 864 1157 Pelagones
880 1070 1034 1145 incolunt,
1051 1069 1159 1133 iuncta
1176 1068 1226 1132 his
1245 1068 1391 1132 Atintani

403 1164 635 1251 tStymphalis
662 1176 694 1231 et
720 1164 888 1230 Elimiotis.
941 1163 1059 1249 frigida
1084 1161 1163 1227 haec
1189 1162 1293 1226 omnis
1322 1162 1391 1226 dura

436 1259 524 1325 cultu
537 1270 570 1325 et
583 1282 696 1345 aspera
713 1261 809 1346 plaga
823 1269 881 1336 est,
900 1259 1058 1323 cultorum
1072 1278 1200 1341 quoque
1212 1258 1344 1343 ingenia
1362 1269 1391 1321 te

437 1356 552 1420 similia
570 1354 676 1419 habet.
720 1353 891 1419 ferociores
914 1374 968 1417 eos
987 1365 1019 1417 et
1042 1352 1168 1417 accolae
1187 1351 1316 1416 barbari
1333 1352 1391 1415 saci

435 1471 522 1514 nunc
539 1449 623 1514 bello
637 1449 829 1524 exercentes,
847 1469 933 1512 nuno
950 1446 984 1510 in
1001 1468 1080 1531 pace
1094 1446 1263 1511 miscentes
1280 1446 1361 1510 ritus
1377 1468 1391 1509 s

401 1567 417 1616 8
437 1543 540 1608 divisa
551 1544 660 1628 itaque
668 1541 873 1618 Macedonia,
890 1541 1029 1626 partium
1038 1541 1148 1605 usibus
1159 1540 1325 1626 separatis,
1345 1561 1391 1623 qu·

436 1638 587 1701 universa
606 1634 717 1721 [esset]
738 1636 886 1701 ostendit.

403 1753 416 1801 1
500 1729 639 1795 XXXI.
665 1730 877 1796 Macedoniae
895 1729 1032 1794 formula
1055 1729 1155 1806 diota,
1183 1751 1257 1793 oum
1278 1729 1391 1813 leges(

435 1847 499 1909 que
517 1846 553 1890 se
570 1825 719 1889 daturum
736 1824 940 1899 ostendisset,
958 1823 1067 1887 Aetoli
1086 1823 1199 1888 deinde
1218 1823 1318 1887 citati.
1350 1823 1381 1885 in

436 1917 615 2004 cognitione
642 1918 744 2004 magis
767 1928 840 1983 utra
861 1941 936 2003 pars
953 1917 1123 1993 Romanis,
1146 1928 1221 1993 utra⁴
1240 1917 1310 2001 regi
1334 1916 1391 1980 favi

435 2012 614 2097 quaesitum
633 2023 690 2089 est,
708 2033 805 2095 quam
818 2023 891 2077 utra
903 2011 1032 2077 fecisset
1044 2011 1192 2075 iniuriam
1206 2023 1262 2075 aut
1276 2010 1391 2096 accepit

403 2127 521 2174 anoxa
542 2105 666 2170 liberati
687 2104 920 2182 interfectorem
947 2106 1077 2170 exilium
1103 2105 1203 2189 pulsis
1232 2126 1334 2188 aeque
1360 2127 1391 2167 ra

436 2200 497 2264 fuit
515 2221 552 2264 ac
573 2220 658 2263 mors
675 2198 864 2276 interfectis3
886 2200 930 2263 A.
949 2199 1091 2263 Baebius
1108 2221 1191 2262 unus
1215 2209 1263 2263 est
1285 2200 1391 2263 damna

437 2294 524 2378 quod
540 2293 656 2358 milites
665 2294 827 2358 Romanos
845 2293 1044 2378 praebuisset
1062 2294 1103 2357 ad
1121 2293 1335 2357 ministerium
1350 2316 1391 2357 oar

402 2408 417 2455 3
435 2389 488 2454 hic
505 2399 638 2453 eventus
652 2388 842 2453 Aetolorum
860 2409 975 2452 causae
992 2389 1026 2451 in
1043 2388 1191 2451 omnibus
1211 2386 1369 2452 Graeciae
1384 2412 1391 2471 ς

435 2483 520 2549 tibus
546 2482 736 2568 populisque
763 2503 874 2546 eorum
896 2482 952 2564 qui
973 2482 1072 2566 partis
1097 2482 1318 2548 Romanorum
1340 2484 1390 2546 sue

434 2577 558 2642 inflavit
574 2575 616 2640 ad
638 2576 870 2640 intolerabilem
889 2576 1070 2660 superbiam
1098 2576 1235 2651 animos,
1261 2588 1292 2641 et
1312 2576 1391 2639 obno

434 2669 571 2755 pedibus
586 2690 696 2734 eorum
709 2668 854 2744 subiecit,
870 2690 949 2752 quos
964 2668 1071 2753 aliqua
1091 2680 1180 2755 parte
1194 2669 1336 2755 suspicio
1349 2670 1391 2734 fat

402 2783 418 2829 4
435 2764 469 2826 in
485 2784 596 2847 regem
615 2762 799 2847 contigerat.
827 2763 888 2826 tria
904 2784 1023 2848 genera
1040 2763 1221 2847 principum
1235 2763 1269 2826 in
1284 2763 1391 2827 civitat

437 2864 537 2931 erant,
556 2854 630 2931 duo,
649 2876 732 2938 quae
746 2856 905 2920 adulando
919 2867 975 2921 aut
988 2856 1207 2920 Romanorum
1225 2858 1391 2942 imperium

437 2947 609 3012 amicitiam
631 2969 745 3032 regum
768 2949 829 3013 sibi
851 2949 1001 3034 privatim
1023 2971 1099 3036 opes
1118 2952 1280 3035 oppressis
1304 2949 1391 3016 faciel

436 3040 631 3118 civitatibus3
667 3041 808 3107 medinm
834 3065 949 3119 unum,
981 3044 1108 3127 utrique
1139 3045 1252 3129 generi
1286 3046 1391 3109 advers

402 3158 416 3205 5
435 3135 615 3201 libertatem
631 3134 812 3222 leges[que]
834 3137 993 3202 tuebatur.
1021 3137 1070 3201 his
1091 3136 1142 3223 [ut
1160 3138 1276 3225 maior]
1298 3151 1391 3224 aputu

436 3230 559 3307 caritas,
576 3230 622 3294 ita
637 3231 741 3294 minor
754 3231 796 3295 ad
814 3242 960 3296 externos
978 3232 1082 3317 gratia
1096 3243 1173 3296 erat.
1202 3235 1353 3298 secundis
1369 3253 1391 3296 rt

436 3323 510 3387 elati
528 3324 745 3388 Romanorum
766 3325 865 3409 partis
889 3326 957 3390 eius
980 3326 1120 3391 fautores
1139 3327 1198 3390 soli
1221 3339 1292 3392 tum
1315 3330 1349 3392 in
1365 3350 1391 3391 m

403 3436 418 3483 o
437 3416 601 3493 stratibus,
624 3419 682 3482 soli
704 3420 737 3482 in
757 3418 971 3504 legationibus¹
990 3431 1088 3485 erant.
1133 3420 1260 3485 hicum
1283 3423 1390 3506 freque

436 3520 469 3573 et
494 3531 535 3574 ex
559 3510 781 3596 Peloponneso
808 3523 841 3577 et
866 3535 907 3577 ex
928 3513 1064 3577 Boeotia
1090 3524 1122 3577 et
1149 3537 1190 3579 ex
1215 3516 1286 3579 aliis
1311 3515 1391 3581 Grae

404 3623 418 3669 s
438 3602 565 3667 concilis
582 3604 738 3681 adessent,
757 3606 929 3691 implevere
947 3629 1039 3671 aures
1059 3606 1171 3671 deoem
1188 3608 1382 3693 legatorum:

437 3716 492 3761 eos
518 3705 656 3773 tantum,
682 3699 738 3781 qui
761 3722 795 3765 se
821 3700 988 3785 propalam
1014 3723 1072 3785 per
1098 3702 1275 3768 vanitatem
1298 3704 1391 3767 iactas

436 3801 598 3873 tamquam
623 3791 764 3878 hospites
791 3803 823 3858 et
849 3794 967 3858 amieos
990 3794 1117 3872 Persei,
1145 3795 1204 3861 sed
1231 3799 1334 3862 multo
1359 3796 1391 3882 pl

437 3882 515 3947 alios
537 3906 577 3948 ex
600 3886 724 3950 occulto
746 3887 865 3951 favisse
891 3888 975 3972 regi,
1001 3889 1057 3971 qui
1078 3911 1138 3974 per
1161 3892 1305 3975 speciem
1331 3902 1391 3955 tuer

438 3976 593 4043 libertatis
611 3979 644 4043 in
663 3980 804 4045 conciliis
822 3980 975 4047 adversus
993 3982 1156 4048 Romanos
1175 3986 1286 4049 omnia
1303 3986 1391 4050 instn

403 4080 521 4148 ssent,
547 4093 607 4137 nec
631 4072 721 4138 aliter
743 4096 797 4138 eas
819 4096 986 4140 mansuras
1009 4076 1043 4141 in
1065 4075 1129 4142 fide
1146 4090 1262 4163 gentes
1279 4079 1343 4143 nisi
1359 4078 1391 4141 fn

436 4165 549 4230 animis
558 4166 695 4251 partium
705 4167 1151 4257 alereturconfirmareturque
1162 4175 1336 4239 auotoritas
1346 4195 1391 4238 eor

403 4258 493 4340 aqui
513 4259 592 4324 nihil
614 4271 740 4347 praeter
760 4261 928 4347 imperium
946 4264 1166 4333 Romanorum
1190 4280 1379 4355 spectarent.
