3359 5092
483 543 1083 617 amnaxxxxn,44-46.[s.c.1n]
1258 533 1301 603 65

291 703 341 791 [et]
353 704 523 790 separatim
541 702 675 789 singulis
692 702 824 769 fuerunt
837 703 880 768 ad
896 704 1112 770 renovandam
1131 704 1302 771 amicitiam

290 800 419 865 mittendi
444 798 583 864 Romam
611 799 746 883 legatos.
798 810 874 863 ante
900 799 1007 863 omnia
1038 799 1148 865 exules
1178 799 1335 870 restituis

292 895 433 959 iusserunt
447 904 480 959 et
491 889 636 957 auctores
650 892 758 977 regiae
775 892 935 957 societatis
949 893 1075 958 decreto
1093 915 1151 959 suo
1170 894 1303 959 damna·

293 1001 359 1053 mnt.
409 988 469 1065 ita,
496 987 584 1071 quod
608 1009 760 1052 maxume
786 987 951 1066 volebant,
978 988 1120 1054 discusso
1146 989 1301 1055 Boeotico

295 1082 406 1149 concilio
419 1082 679 1191 Peloponnesum
697 1081 902 1167 proficiscunt
903 1106 941 1147 ur
956 1081 1026 1151 Ser.
1038 1081 1188 1150 Cornelio
1204 1084 1301 1151 Chal·

295 1177 379 1243 cidem
396 1176 559 1241 accersio
604 1176 703 1261 Argis
720 1175 903 1261 praebitum
920 1188 969 1243 est
986 1177 1025 1243 iis
1043 1178 1227 1256 ooncilium;
1244 1178 1334 1245 ub17

294 1268 397 1356 res...[
404 1267 524 1355 ‚nihil]
540 1269 628 1334 aliud
645 1293 665 1334 a
681 1281 778 1356 gente
792 1270 999 1337 Achaeorum
1016 1272 1185 1358 petierunt,
1204 1293 1301 1356 quam

294 1364 409 1429 utmille
423 1364 539 1429 milites
554 1364 675 1429 darent.
701 1363 736 1427 id
749 1364 943 1449 praesidium
958 1364 1000 1429 ad
1009 1362 1197 1431 Chalcidem
1210 1376 1302 1431 tuen·
1319 1384 1335 1432 8

294 1457 364 1534 dam,
385 1459 464 1523 dum
486 1458 651 1523 Romanus
674 1458 832 1523 exercitus
855 1458 889 1524 in
912 1456 1084 1525 Graeciam
1106 1459 1301 1537 traiceretur,

292 1552 407 1617 missum
424 1563 483 1617 ιιι.
509 1552 653 1618 Marcius
672 1563 704 1616 et
720 1551 840 1617 Atilius
858 1553 1005 1637 peractis,
1023 1574 1106 1637 quae
1124 1553 1251 1639 agenda
1267 1553 1301 1618 in

292 1644 413 1712 Graecia
431 1655 531 1723 erant,
549 1646 705 1733 principio
722 1646 835 1714 hiemis
853 1646 992 1712 Romam
1008 1647 1179 1713 redierunt.

339 1739 527 1808 XXXXV.
553 1740 635 1805 Inde
655 1740 774 1826 legatio
797 1740 858 1805 sub
879 1741 966 1807 idem
987 1751 1114 1827 tempus
1135 1741 1170 1806 in
1186 1742 1301 1808 Asiam
1320 1762 1333 1807 1

291 1830 344 1921 [ao]
357 1835 478 1900 circum
492 1834 612 1900 insulas
625 1835 732 1900 missa.
759 1846 824 1901 tres
837 1845 929 1900 erant
945 1836 1054 1922 legati,
1071 1836 1122 1900 Ti.
1133 1833 1299 1912 Claudius,
1320 1853 1335 1900 ι

288 1925 335 2016 Sp.
351 1929 548 2006 Postumius,
565 1929 615 1996 Μ.
633 1929 757 1996 Ιιιιιὶιιι.
800 1930 824 1994 ii
842 1930 1074 1997 circumeuntes
1091 1931 1301 1997 hortabantur

287 2024 376 2089 socios
399 2024 441 2088 ad
463 2021 703 2110 suscipiendum
726 2024 880 2090 adversus
896 2024 1018 2091 Persea
1039 2024 1128 2115 [pro]
1147 2025 1300 2092 Romanis

285 2116 393 2184 bellum
413 2130 447 2184 et
469 2140 533 2203 quo
550 2140 698 2203 quaeque
716 2119 895 2205 opulentior
913 2120 1025 2186 civitas
1042 2131 1128 2197 erat,
1151 2142 1189 2186 eo
1207 2142 1302 2186 accu-

285 2214 371 2278 ratius
389 2213 539 2300 agebant,
558 2214 634 2298 quia
651 2214 789 2279 minores
807 2226 974 2281 secuturae
990 2214 1147 2280 maiorum
1165 2215 1302 2281 auctori·

285 2318 372 2373 tatem
393 2319 494 2372 erant.
539 2306 649 2373 Rhodi
671 2308 814 2372 maxumi
835 2308 878 2373 ad
899 2308 1007 2373 omnia
1028 2308 1181 2374 momenti
1202 2309 1334 2374 habe-o

285 2398 405 2479 bantur,
430 2402 508 2486 quia
532 2422 597 2467 non
622 2401 731 2467 favere
757 2412 897 2479 tantum,
923 2401 980 2467 sed
1006 2401 1158 2467 adiuvare
1179 2401 1301 2466 viribus

285 2496 341 2560 suis
361 2496 483 2561 bellum
504 2506 667 2582 poterant,
695 2496 909 2582 quadraginta
929 2496 1067 2561 navibus
1084 2506 1214 2560 auctore
1231 2496 1301 2560 He·

285 2590 434 2674 gesilocho
460 2590 672 2676 praeparatis,
704 2591 760 2675 qui
787 2612 861 2655 cum
891 2590 926 2655 in
955 2611 1080 2655 summo
1111 2589 1335 2675 magistratus

285 2697 359 2751 esset
374 2721 419 2731 -
434 2686 586 2770 prytanin
607 2684 669 2771 ipsi
690 2695 867 2751 vocant-
883 2685 991 2751 multis
1010 2683 1206 2750 orationibus
1228 2707 1301 2771 per·

285 2780 394 2846 vicerat
411 2780 571 2858 Rhodios,
596 2791 635 2845 ut
651 2780 783 2859 omissa,
811 2802 909 2865 quam
931 2803 1026 2868 saepe
1044 2804 1161 2847 vanam
1179 2782 1301 2866 experti

287 2885 393 2953 essent,
423 2897 538 2961 regum
568 2874 780 2940 fovendorum
811 2898 869 2960 spe
895 2875 1075 2942 Romanam
1107 2875 1300 2953 societatem,

288 2985 372 3034 unam
388 2981 458 3035 tum
474 2970 510 3034 in
526 2969 618 3034 terris
635 2969 687 3035 vel
709 2969 829 3035 viribus
852 2969 904 3036 vel
920 2970 985 3036 fide
1002 2969 1163 3047 stabilem,
1185 2970 1302 3035 retinc-

290 3075 359 3128 rent:
376 3063 497 3128 bellum
514 3063 678 3130 imminere
697 3084 770 3128 cum
784 3063 921 3142 Perse03
939 3063 1173 3129 desideraturos
1181 3061 1301 3128 Roma·
1318 3079 1333 3127 o

292 3173 337 3222 nos
352 3158 488 3224 eundem
505 3158 653 3223 navalem
670 3169 875 3244 apparatum,
898 3179 995 3242 quem
1017 3179 1119 3241 nuper
1136 3155 1300 3232 Antiochi,

295 3267 370 3331 quem
394 3252 537 3339 Philippi
563 3263 637 3318 ante
669 3252 753 3319 bello
779 3253 942 3318 vidissent.
995 3251 1206 3336 trepidaturos
1231 3261 1334 3315 tumo

296 3359 407 3430 repente
422 3347 567 3433 paranda
584 3347 700 3425 classe,
718 3370 792 3413 cum
809 3348 964 3413 mittenda
982 3355 1076 3423 esset,
1092 3344 1155 3409 nisi
1171 3345 1301 3411 reficere

297 3455 384 3520 uros,
398 3442 461 3507 nisi
473 3442 628 3508 instruere
642 3442 809 3507 navalibus
823 3442 917 3507 sociis
932 3440 1119 3526 coepissent.
1146 3460 1184 3505 eo
1197 3440 1300 3526 magis

298 3534 371 3602 enixe
385 3537 574 3602 faciundum
592 3558 673 3614 ease,
690 3548 727 3602 ut
745 3537 879 3602 crimina
897 3536 1001 3602 delata
1019 3535 1060 3599 ab
1073 3532 1221 3600 Eumene
1237 3533 1301 3600 fide

297 3644 382 3696 ronrm
395 3632 586 3697 refellerent
613 3632 663 3697 his
676 3632 798 3697 incitati
807 3630 1020 3717 quadraginta
1028 3629 1159 3693 navium
1168 3628 1301 3693 classem
1320 3649 1334 3694 ι

296 3717 464 3791 hammam
489 3738 699 3809 ornatamque
727 3725 843 3811 legatis
869 3723 1022 3789 Romanis
1049 3722 1301 3798 advenientibus,

295 3827 393 3885 utnon
416 3831 617 3907 expectatam
639 3821 890 3885 adhortationem
909 3841 978 3885 esse
994 3829 1175 3904 appareret,
1197 3828 1302 3882 osten·

293 3909 402 3980 lerunt
433 3927 468 3981 et
484 3915 564 3981 haec
581 3915 700 4002 legatio
716 3937 872 4001 magnum
890 3913 931 3978 ad
948 3911 1162 3978 conciliandos
1180 3912 1302 3976 animos
1319 3930 1335 3977 8

293 4006 455 4074 civitatium
475 4009 576 4074 Asiae
602 4019 799 4074 momentum
824 4007 895 4098 fuit
944 4005 1110 4072 Decimius
1128 4026 1210 4069 unus
1233 4002 1301 4067 sine

289 4101 344 4168 ullo
360 4104 488 4181 effectu,
507 4114 672 4190 captarum
689 4103 785 4168 etiam
802 4102 1010 4194 pecuniarum
1027 4099 1069 4166 ab
1086 4097 1215 4183 regibus
1224 4097 1302 4181 Illy

288 4196 397 4263 riorum
416 4198 596 4283 suspicione
613 4198 753 4275 infamis,
771 4187 909 4262 Romam
925 4195 1029 4261 rediit.

341 4292 551 4361 XXXXVI.
577 4294 716 4361 Perseus
738 4315 813 4359 cum
834 4293 877 4358 ab
899 4289 1067 4375 conloquio
1084 4287 1302 4354 Romanorum
1322 4306 1335 4354 1

330 4395 471 4440 ιιιιιιιι.
