3359 5092
328 556 372 623 94
547 566 664 623 LIBER
681 565 854 636 XXXXIII,
872 566 898 620 8.
912 566 937 620 9.
956 566 1143 634 [annau]

331 728 435 793 viores
462 726 719 813 potentioresque
742 746 903 790 accessere
926 734 1127 789 accusatores
1153 723 1218 788 duo
1241 720 1343 787 tribuni

297 843 313 890 a
331 821 444 909 plebis,
461 820 522 886 Μ’.
540 820 705 885 Iuventius
723 818 850 884 Thalna
866 830 899 885 et
917 816 978 884 On.
996 818 1159 883 Aufidius.
1203 816 1227 881 ii
1244 814 1343 882 nonin

332 926 444 982 senatu
456 914 552 979 modo
566 936 640 979 eum
653 914 842 991 lacerarunt,
861 913 917 978 sed
934 913 968 977 in
981 912 1161 978 contionem
1175 911 1272 977 etiam
1287 932 1345 996 per

297 1032 314 1078 4
332 1021 432 1076 tracto
442 1009 550 1074 multis
562 1006 695 1074 obiectis
708 1007 832 1093 probris
847 1007 930 1072 diem
940 1007 1098 1071 dixerunt.
1125 1016 1256 1072 senatus
1270 1004 1347 1069 iussu

333 1101 598 1170 Chalcidensibus
618 1100 659 1184 Q.
669 1101 821 1168 Maenius
838 1113 967 1188 praetor
983 1101 1157 1187 respondit,
1175 1122 1261 1185 quac
1277 1100 1348 1170 bens

331 1198 460 1264 meritos
478 1220 549 1263 sese
563 1208 594 1262 et
607 1207 680 1262 ante
694 1198 774 1263 etin
788 1218 826 1262 eo
840 1196 925 1262 bello
939 1196 1025 1280 qnod
1038 1207 1170 1283 geratur
1184 1196 1225 1260 de
1243 1193 1349 1281 populo

331 1293 478 1358 Romano
496 1291 618 1369 dicant,
646 1313 685 1357 ea
702 1302 734 1357 et
756 1290 836 1356 scire
858 1313 935 1357 vera
952 1312 1006 1356 eos
1028 1287 1147 1355 referre
1165 1301 1311 1354 senatum
1326 1297 1350 1351 et

298 1407 314 1454 5
332 1386 465 1472 perinde
482 1407 521 1451 ac
534 1386 672 1451 debeant
689 1397 782 1472 grata
796 1407 877 1451 esse.
904 1406 987 1469 quae
1000 1384 1086 1450 facta
1096 1381 1148 1471 [a]
1160 1381 1199 1449 0.
1210 1381 1350 1448 Lucretio

331 1480 463 1564 fierique
480 1480 522 1546 ab
531 1479 636 1545 Lucio
644 1479 818 1545 Hortensio
835 1478 1035 1566 praetoribus
1052 1478 1209 1544 Romanis
1227 1498 1351 1562 queran-

332 1586 398 1651 tur,
420 1596 459 1640 ea
480 1595 585 1658 neque
609 1573 695 1638 facta
718 1595 823 1657 neque
845 1572 914 1638 fieri
930 1573 1094 1639 voluntate
1117 1583 1250 1637 senatus
1267 1592 1351 1655 quem

299 1688 313 1736 6
333 1690 398 1732 non
414 1689 509 1754 posse
526 1667 718 1744 existimare,
737 1668 793 1751 qui
806 1668 885 1732 sciat
898 1667 1020 1732 bellum
1027 1665 1140 1733 Persei
1153 1677 1186 1731 et
1200 1677 1276 1731 ante
1284 1663 1351 1729 Phi·

331 1763 419 1848 lippo
437 1761 520 1848 patri
533 1761 602 1827 eius
616 1762 758 1827 intulisse
775 1762 930 1848 populum
940 1762 1124 1827 Romanum
1136 1782 1198 1847 pro
1216 1760 1350 1825 libertate
1382 1829 1386 1844 Ι

333 1855 504 1934 Graeciae,
528 1878 595 1921 non
621 1867 658 1922 ut
679 1879 719 1921 ea
740 1880 759 1922 a
785 1855 1025 1942 magistratibus
1052 1858 1119 1921 soci
1145 1866 1245 1939 atque
1271 1851 1351 1919 amici
1383 1875 1386 1910 ε

300 1974 314 2020 r
332 1950 535 2037 paterentur?
551 1950 672 2016 litteras
690 1973 725 2016 se
742 1950 784 2015 ad
793 1949 834 2013 L.
844 1949 1056 2016 Hortensium
1073 1960 1258 2036 praetorem
1272 1948 1352 2012 datu·
1385 1941 1386 1946 ’

332 2066 385 2109 ros
408 2066 492 2109 esset
519 2066 601 2128 quae
620 2041 850 2109 Chalcidenses
867 2055 1041 2128 querantur
1062 2053 1149 2120 acta,
1177 2065 1218 2109 ea
1240 2039 1352 2107 senatui
1383 2053 1387 2064 ¹

332 2158 399 2202 non
415 2138 555 2223 placere3
579 2137 679 2221 siqui
695 2138 729 2203 in
746 2137 930 2203 servitutem
947 2138 1039 2203 liberi
1057 2137 1238 2214 venissent,
1255 2146 1292 2201 ut
1307 2154 1351 2200 cos
1376 2143 1386 2216 1¹

334 2230 566 2316 conquirendos
587 2232 690 2318 primo
713 2253 840 2316 quoque
863 2243 1005 2318 tempore
1027 2231 1306 2315 restituendosque
1324 2227 1351 2292 in
1383 2277 1387 2324 ἐ

333 2325 512 2391 libertatem
530 2337 668 2404 curaret3
687 2326 845 2391 sociorum
861 2326 1025 2391 navalium
1041 2325 1222 2403 neminem,
1241 2334 1352 2412 praeter
1382 2355 1386 2370 ·

298 2441 315 2492 8
333 2419 514 2506 magistros,
531 2420 566 2485 in
583 2418 721 2506 hospitia
734 2419 850 2484 deduci
867 2441 1007 2503 aequum
1019 2442 1161 2486 censere.
1189 2419 1272 2485 haec
1280 2419 1352 2482 Hor·

333 2513 435 2579 tensio
452 2513 542 2578 iussu
560 2524 688 2579 senatus
707 2513 832 2598 scripta.
859 2536 993 2579 munera
1010 2514 1123 2579 bintlm
1138 2513 1268 2578 milium
1284 2509 1351 2577 aeris

333 2608 447 2694 legatis
464 2608 571 2684 missa,
590 2618 622 2673 et
635 2606 782 2673 vehicula
790 2607 984 2692 Micythioni
1000 2607 1129 2694 publice
1146 2608 1266 2685 locata,
1283 2622 1351 2690 quar

300 2723 315 2770 9
335 2723 408 2766 eum
426 2699 634 2765 Brundisium
651 2700 816 2768 commode
838 2701 1058 2787 perveherent.
1104 2698 1143 2766 Ο.
1165 2700 1352 2771 Lucretium

333 2793 391 2857 ubi
408 2792 475 2857 dies
493 2812 576 2875 quae
594 2791 680 2857 dicta
697 2805 765 2858 erat
781 2794 879 2872 venit,
897 2794 1017 2859 tribuni
1034 2794 1077 2859 ad
1093 2796 1255 2880 populum
1272 2811 1352 2858 accu·

335 2897 459 2963 serunt,
477 2884 675 2969 multamque
692 2886 797 2952 decies
815 2899 944 2954 centum
960 2888 1085 2954 milium
1103 2890 1187 2953 aeris
1206 2889 1351 2955 dixerunt·

335 2979 471 3044 comitiis
497 2978 614 3044 habitis
638 3001 747 3046 omnes
773 2981 915 3065 quinque
943 2993 975 3047 et
1001 2982 1133 3068 triginta
1160 2982 1267 3048 tribus
1293 2987 1370 3047 eun'

335 3073 596 3139 condemnarunt.

303 3191 315 3238 1
400 3170 513 3236 VIIII.
541 3169 581 3234 ln
597 3168 775 3255 Liguribus
793 3191 831 3234 eo
849 3166 965 3255 [anno]
984 3168 1064 3234 nihil
1081 3171 1294 3236 memorabile
1309 3186 1352 3253 ge·

335 3275 436 3340 stum3
462 3287 538 3328 nam
559 3286 619 3328 nec
641 3262 748 3328 hostes
770 3275 940 3328 movenmt
960 3286 1050 3327 arma
1066 3286 1175 3348 neque
1199 3263 1311 3330 consul
1328 3260 1353 3323 in

302 3378 317 3426 2
336 3377 449 3442 agrum
464 3379 575 3421 eorum
587 3357 730 3443 legiones
744 3355 870 3420 induxit
883 3368 915 3422 et
928 3357 1004 3421 satis
1017 3358 1187 3443 explorata
1203 3380 1287 3445 pace
1299 3354 1353 3422 eit!

337 3449 413 3513 anni
437 3450 553 3514 milites
581 3450 716 3514 duarum
742 3449 907 3535 legionum
933 3451 1154 3517 Romanaurm
1188 3453 1277 3517 intra
1301 3448 1354 3514 diet

302 3565 318 3613 a
337 3542 504 3627 sexaginta
526 3563 623 3625 quam
644 3542 678 3607 in
700 3542 897 3628 provinciam
918 3545 1006 3609 venit
1029 3545 1160 3610 dimisit.
1210 3545 1355 3611 sociomn

336 3636 474 3700 nominis
500 3635 610 3701 Latini
637 3636 779 3702 exercitu
804 3648 929 3702 mature
955 3638 989 3702 in
1016 3637 1152 3703 hiberna
1180 3640 1311 3705 Lunam
1332 3641 1356 3698 d

336 3728 432 3794 Pisas
458 3728 610 3807 deducto,
637 3730 706 3815 ipse
733 3751 805 3794 cum
834 3730 995 3814 equitibus
1022 3730 1151 3797 Galliae
1183 3730 1355 3820 provincia

337 3822 489 3909 pleraque
507 3824 625 3908 oppida
643 3823 730 3888 adiit.

303 3942 320 3988 4
401 3917 572 4001 Nusquam
589 3917 666 3982 alibi
688 3938 786 4000 quam
807 3916 839 3981 in
858 3916 1053 3983 Macedonia
1068 3918 1194 3984 bellum
1213 3931 1297 3997 erat3
1317 3936 1357 3981 su·

338 4024 483 4097 spectum
505 4021 611 4077 tamen
633 4022 665 4075 et
684 4008 838 4075 Gentium
856 4010 1039 4093 lllyriorum
1061 4034 1175 4099 regem
1198 4013 1357 4079 habebnt·

302 4129 320 4175 a
336 4106 446 4190 itaque
463 4115 496 4171 et
513 4115 584 4170 octo
606 4105 697 4169 navis
715 4115 842 4169 ornatas
860 4126 881 4168 a
896 4104 1071 4171 Brundisio
1095 4120 1229 4173 senatus
1249 4100 1357 4173 censuit

338 4200 508 4265 mittendas
517 4200 559 4264 ad
569 4196 608 4264 Ο.
616 4198 751 4262 Furium
763 4199 905 4283 legatum
916 4198 1030 4276 Issam,
1048 4200 1106 4283 qui
1120 4222 1197 4266 cum
1211 4194 1357 4287 praesidio

305 4314 320 4361 o
340 4294 475 4359 duarum
494 4294 668 4359 Issensium
685 4292 815 4357 navium
831 4291 955 4359 imulae
971 4306 1120 4379 praeerat
1137 4331 1184 4344 -
1200 4296 1267 4362 dno
1284 4289 1357 4360 mili·
