3359 5092
476 543 596 601 amus
612 545 767 616 xxxxv,
786 545 829 600 ar.
844 545 887 600 aa
906 549 947 613 [a.
957 545 988 603 c.
999 547 1063 614 1ch
1223 532 1285 600 181

271 707 301 771 is
316 704 410 771 editis
423 704 607 769 nominibus
622 703 745 769 evocati
758 701 872 768 litteris
885 703 1085 790 imperatoris
1103 727 1144 770 ex
1156 704 1287 771 Aetolia

271 799 504 883 lcamanisque
523 810 556 864 et
577 797 678 884 Epiro
701 807 734 863 et
749 797 900 874 Boeotia,
924 797 980 882 qui
996 798 1135 864 Romam
1151 799 1194 864 ad
1211 821 1287 865 cau·

271 918 322 961 tam
339 893 510 961 dicendam
528 903 746 977 sequerentur.
781 892 816 958 iu
833 893 993 958 Achaiam
1011 915 1052 959 ex
1070 894 1182 960 decem
1198 893 1287 980 lega·

271 1012 358 1055 orum
374 1009 511 1053 numero
528 986 664 1073 profecti
682 987 757 1064 duo,
772 983 812 1052 C.
824 983 981 1052 Claudius
994 1002 1028 1054 et
1037 984 1099 1053 Cn.
1108 986 1284 1066 Domitius,

271 1095 293 1149 rt
316 1083 378 1170 ipsi
401 1083 507 1148 edicto
530 1093 710 1147 evocarent.
754 1082 788 1146 id
811 1082 937 1147 duabus
960 1083 1001 1148 de
1025 1083 1129 1148 causis
1152 1082 1337 1161 factum,1o

271 1201 332 1255 una,
358 1178 447 1261 quod
471 1175 608 1243 fiduciae
631 1177 704 1261 plus
726 1176 970 1261 animorumque
993 1199 1063 1242 esse
1080 1177 1222 1244 Achaeis
1244 1179 1287 1243 ad

271 1295 319 1338 ron
342 1272 523 1358 parendum
545 1270 733 1348 credebant,
761 1283 794 1337 et
815 1270 950 1336 forsitan
971 1272 1068 1338 etiam
1089 1271 1122 1336 in
1144 1272 1285 1358 periculo

271 1367 322 1433 lore
339 1363 536 1433 Callicraten
560 1377 592 1431 et
614 1377 737 1432 ceteros
755 1366 926 1431 criminum
944 1378 1091 1432 auctores
1113 1367 1285 1433 delatores-

271 1483 331 1547 que3
349 1464 450 1527 altera
468 1484 525 1526 cur
541 1472 726 1547 praesentes
744 1473 917 1527 evocarent
934 1484 1032 1526 causa
1045 1472 1123 1539 erat,
1142 1460 1229 1545 quod
1244 1484 1284 1528 ex
1304 1481 1334 1529 11

271 1557 323 1621 diis
339 1557 490 1643 gentibus
508 1556 690 1642 principum
707 1555 828 1621 litteras
848 1556 1020 1642 deprensas
1038 1557 1072 1621 in
1090 1568 1285 1623 commenta·

271 1651 309 1716 iis
323 1652 420 1738 regiis
439 1651 612 1729 habebant,
630 1652 664 1716 in
681 1651 823 1718 Achaeis
841 1673 974 1717 caecum
992 1663 1060 1718 erat
1077 1650 1197 1717 crimen
1214 1651 1285 1716 nul-

271 1746 295 1812 is
310 1769 420 1813 eorum
437 1747 551 1812 litteris
568 1747 717 1812 inventis.

315 1842 442 1907 Aetolis
465 1841 604 1907 dimissis
621 1841 832 1906 Acarnanum
850 1842 946 1908 citata
963 1864 1053 1928 gens.
1085 1842 1120 1906 in
1137 1840 1187 1906 his
1205 1840 1284 1906 nihil
1304 1860 1335 1908 12

271 1947 404 2003 rovatum
421 1937 485 2002 nisi
501 1937 588 2021 quod
604 1936 735 2002 Leucas
753 1946 903 2022 exempta
920 1947 969 2002 est
982 1936 1191 2003 Acarnanum
1209 1958 1286 2002 eon-

271 2031 333 2097 tilio.
369 2031 554 2116 quaerendo
572 2031 688 2097 deinde
705 2031 817 2108 latius,
840 2031 898 2115 qui
915 2031 1044 2117 publice
1061 2041 1118 2097 aut
1134 2031 1284 2118 privatim
1304 2048 1334 2097 13

271 2127 390 2212 ¹>artium
414 2127 501 2213 regis
526 2126 678 2203 fuissent,
709 2125 743 2190 in
768 2126 884 2190 Asiam
916 2147 1043 2210 quoque
1070 2125 1284 2211 cognitionem

271 2221 423 2287 extendere
450 2231 482 2286 et
508 2220 550 2286 ad
567 2220 734 2285 Antissam
760 2220 794 2284 in
816 2219 926 2285 Lesbo
952 2220 1058 2285 insula
1084 2220 1283 2297 diruendam,
1304 2239 1335 2287 14

271 2316 466 2382 reducendos
480 2314 706 2399 Methymnam
716 2314 904 2380 Antissaeos
914 2313 1103 2380 Labeonem
1120 2314 1285 2391 miserrmt,

271 2410 339 2494 {uod
355 2411 556 2475 Antenorem
577 2409 702 2495 regium
723 2408 939 2495 praefectum,
962 2429 1027 2492 quo
1049 2419 1192 2493 tempore
1209 2430 1284 2474 cum

271 2505 364 2570 embis
388 2506 474 2571 circa
491 2503 637 2571 Lesbum
655 2515 703 2570 est
725 2515 876 2590 vagatus,
903 2515 998 2589 portu
1014 2517 1181 2589 receptum
1198 2526 1285 2569 com-

271 2600 411 2666 ueatibus
438 2600 603 2666 iuvissent
654 2599 719 2664 duo
747 2599 851 2664 securi
877 2599 1020 2684 percussi
1046 2599 1107 2664 viri
1132 2598 1284 2685 insignes,
1304 2614 1335 2661 15

271 2691 460 2761 Andronicus
479 2694 657 2760 Andronici
679 2695 764 2760 filius
781 2695 929 2770 Aetolus,
948 2694 1035 2777 quod
1052 2705 1176 2780 patrem
1194 2716 1286 2760 secu·

271 2797 308 2854 tus
323 2813 413 2854 arma
432 2800 542 2854 contra
559 2789 714 2875 populum
723 2789 907 2856 Romanum
924 2789 1059 2866 tulisset,
1077 2789 1285 2856 etNeoThe-

271 2903 366 2959 tanus,
385 2907 450 2968 quo
469 2895 599 2949 auctore
617 2884 803 2951 societatem
820 2906 896 2949 cum
912 2883 1013 2950 Perse
1029 2884 1209 2950 iunxerant.

317 2978 475 3043 XXXII.
503 2979 564 3045 His
583 3001 691 3045 rerum
714 2990 918 3044 externarum
935 2977 1170 3064 cognitionibus
1187 2979 1285 3047 inter·
1305 2994 1318 3040 1

271 3075 363 3158 positis
389 3074 608 3141 Macedonum
639 3096 749 3139 rursus
776 3075 969 3139 advocatum
995 3074 1180 3152 concilium;
1211 3097 1285 3161 pro·
1304 3089 1319 3135 2

271 3168 449 3247 runtiatum,
477 3168 564 3252 quod
581 3168 624 3234 ad
641 3178 761 3234 statum
778 3168 992 3235 Macedoniae
1011 3167 1207 3253 pertinebat,
1235 3192 1285 3234 se·

271 3275 395 3340 ratores,
422 3285 503 3347 quos
527 3264 681 3348 synedros
703 3274 834 3340 vocant,
860 3263 1014 3349 legendos
1036 3285 1121 3341 esse,
1148 3284 1284 3347 quorum

271 3358 384 3423 consilio
401 3381 454 3422 res
472 3358 602 3443 publica
619 3357 902 3424 administraretur.
928 3357 1059 3422 nomina
1077 3357 1191 3423 deinde
1210 3369 1317 3423 sunto

271 3450 386 3517 sciata
402 3451 583 3539 principum
592 3452 821 3529 Macedonum,
838 3473 921 3536 quos
939 3474 1012 3515 cum
1030 3452 1138 3518 liberis
1157 3453 1285 3520 maiori·

271 3565 316 3610 rus
336 3568 434 3630 quam
455 3547 639 3630 quindecim
661 3569 762 3612 annos
784 3547 868 3620 natis
891 3545 1082 3632 praecedere
1104 3547 1139 3612 in
1156 3548 1284 3614 Italiam

271 3638 403 3723 placeret.
447 3640 482 3705 id
504 3642 607 3725 prima
624 3641 731 3727 specie
753 3663 899 3719 saevom,
921 3662 997 3705 mox
1014 3642 1162 3727 apparuit
1178 3643 1286 3707 multi·
1303 3660 1320 3708 4

271 3735 357 3800 udini
373 3735 594 3801 Macedonum
610 3759 669 3822 pro
686 3736 833 3804 libertate
851 3759 911 3801 sua
928 3758 999 3802 esse
1015 3735 1147 3801 factum.
1181 3738 1285 3802 nomi-

271 3829 320 3894 tati
334 3841 410 3894 sunt
423 3830 510 3895 enim
523 3830 609 3917 regis
622 3830 717 3895 amici
730 3830 973 3917 purpuratique,
992 3829 1089 3896 duces
1097 3831 1283 3908 exercitum,

271 3925 407 3991 rraefecti
420 3925 553 3990 navium
567 3937 622 3990 aut
638 3926 880 4012 praesidiorum,
898 3925 1016 3991 servire
1029 3927 1098 4012 regi
1110 3925 1281 4003 humiliter,
1301 3943 1316 3992 o

271 4019 323 4085 liis
340 4020 480 4105 superbe
496 4020 653 4107 imperare
671 4021 809 4098 adsueti;
827 4020 1019 4106 praedivites
1038 4020 1107 4097 alii,
1126 4020 1183 4097 ali,
1201 4040 1282 4103 quos

271 4115 382 4181 'ortuna
398 4137 466 4180 non
483 4126 671 4200 aequarent,
694 4115 744 4180 his
762 4114 942 4202 sumptibus
960 4138 1069 4202 pares;
1087 4114 1196 4199 regius
1214 4135 1282 4179 om-

271 4208 348 4276 ibus
358 4209 462 4274 victus
471 4210 680 4295 vestitusque,
693 4210 773 4277 nulli
783 4209 885 4275 civilis
900 4210 1035 4288 animus,
1053 4230 1157 4292 neque
1172 4209 1283 4296 legum

271 4327 358 4391 reque
371 4304 527 4370 libertatis
536 4326 640 4390 aeque
651 4304 785 4392 patiens.
811 4325 922 4372 omnes
935 4305 1043 4392 igitur,
1057 4303 1113 4391 qui
1126 4303 1160 4369 in
1168 4303 1282 4391 aliquis
1301 4323 1316 4374 a
