3359 5092
421 523 465 589 48
610 532 728 590 LIBER
744 532 905 604 XXXXH,
923 532 966 587 25.
981 532 1024 588 26.
1044 534 1119 601 [au
1130 529 1231 598 ciffi]

422 692 536 760 foedus
554 692 581 757 si
598 712 709 757 secum
730 690 837 755 facere
859 688 992 765 vellent,
1019 687 1193 754 convenire·
1210 687 1301 773 prius
1320 687 1361 755 de
1378 710 1437 755 con·

424 786 600 853 dicionibus
619 786 736 852 debere
741 810 750 863 ;
769 784 847 849 siin
861 783 1003 848 animum
1020 782 1218 859 inducerent,
1235 793 1275 848 ut
1291 805 1332 849 ex
1350 803 1436 869 aequo

424 881 537 948 foedus
555 881 656 957 lieret,
674 891 708 945 et
724 901 759 945 se
776 878 921 944 visurum
938 877 1016 961 quid
1034 878 1095 942 sibi
1113 877 1302 943 facimdmn
1320 887 1435 944 essetet

376 1000 405 1047 12
423 977 494 1042 illos
521 976 649 1042 credere
676 971 761 1061 [rei]
788 973 936 1059 publicae
959 972 1169 1038 consulturos.
1224 982 1323 1056 atque
1347 974 1391 1037 ita
1410 991 1434 1036 se

423 1070 617 1158 proripuisse
635 1081 668 1135 et
685 1067 879 1133 summoveri
896 1089 914 1132 e
932 1066 1021 1153 regia
1038 1065 1141 1132 omnis
1159 1077 1301 1153 coeptos.
1332 1077 1397 1131 tum
1409 1086 1433 1130 rt
1464 1107 1471 1112 -

424 1165 595 1230 amicitiam
614 1175 647 1229 et
668 1163 853 1229 societatem
875 1161 1083 1227 renuntiasse.
1127 1182 1193 1245 qua
1210 1183 1291 1227 voce
1308 1184 1381 1227 eum
1395 1179 1432 1225 at·
1460 1227 1472 1238 ,

424 1281 554 1326 censum
579 1257 729 1324 restitisse
755 1267 852 1339 atque
875 1276 955 1321 voce
977 1257 1063 1321 clara
1086 1253 1294 1321 denuntiasse
1316 1254 1430 1331 sibi‚rt

374 1377 405 1424 13
424 1354 529 1418 triduo
548 1352 640 1438 regni
656 1351 706 1416 sui
724 1350 915 1416 decederent
932 1349 1058 1414 finibus.
1088 1349 1134 1415 ita
1152 1372 1186 1414 se
1203 1349 1373 1435 profectas,
1389 1365 1435 1412 ner.

424 1448 485 1511 sibi
502 1458 558 1512 aut
576 1444 791 1532 [venientibus
811 1441 882 1530 aut]
902 1444 1104 1510 manentibus
1121 1442 1296 1528 quicquam
1313 1442 1428 1529 hospita·

423 1541 496 1605 liter
513 1552 569 1606 aut
586 1540 723 1625 benigne
740 1538 872 1604 factum.

376 1659 407 1704 14
488 1634 636 1699 Thessali
653 1634 768 1699 deinde
785 1634 957 1717 Aetolique
980 1632 1078 1719 legati
1096 1631 1208 1698 auditi.
1254 1633 1389 1709 senatui,
1406 1639 1435 1695 ut·

425 1728 541 1795 scirent
558 1751 655 1813 quam
678 1728 817 1814 primum
840 1728 958 1812 quibus
980 1726 1115 1793 ducibus
1132 1749 1233 1793 usura
1248 1750 1303 1794 res
1325 1726 1429 1815 publia

424 1834 522 1900 esset,
548 1823 668 1888 litteras
694 1823 777 1887 mitti
804 1822 989 1888 consulibus
1015 1821 1149 1907 placuit,
1181 1832 1218 1886 ut
1244 1833 1319 1888 uter
1344 1839 1430 1888 eorm
1467 1879 1471 1884 .

424 1930 541 2004 posset,
559 1918 697 1984 Romam
715 1918 756 1982 ad
773 1917 979 2003 magistratus
997 1914 1150 1982 creandos
1168 1916 1303 1982 veniret

392 2035 405 2080 1
489 2011 623 2080 XXVI.
650 2012 748 2077 Nihil·
760 2033 971 2097 magnopere,
997 2010 1084 2095 quod
1107 2011 1279 2076 memorari
1303 2010 1434 2082 adtinoet
1465 2054 1471 2064 -

423 2107 470 2173 rei
487 2106 634 2192 publicae
652 2128 690 2172 eo
707 2128 791 2171 anno
809 2105 947 2171 consulis
964 2115 1137 2191 gesserant.
1181 2106 1287 2190 magis
1306 2129 1325 2172 e
1342 2128 1376 2171 re
1390 2125 1438 2190 pu·

424 2202 508 2267 blica
525 2202 629 2266 visum
647 2212 714 2267 erat
732 2201 887 2287 conprimi
905 2222 943 2265 ac
961 2199 1066 2264 sedari
1084 2211 1291 2285 exasperatos
1310 2199 1439 2288 Liguris.

426 2319 498 2362 eum
515 2295 762 2362 Macedonicum
780 2296 900 2361 bellum
918 2306 1146 2380 expectaretur.

392 2412 406 2457 a
490 2388 644 2457 Gentium
667 2410 795 2475 quoque
812 2389 997 2474 lllyriorum
1013 2411 1125 2475 regem
1148 2400 1335 2475 suspectum
1353 2388 1443 2455 Issaei

423 2486 522 2572 legati
538 2486 692 2563 fecerunt,
711 2486 805 2551 simul
819 2485 925 2569 questi
941 2484 1021 2549 fines
1034 2505 1108 2549 suos
1123 2506 1198 2549 cum
1211 2483 1444 2570 depopulatum,

424 2582 519 2646 simul
544 2582 726 2647 nuntiantes
752 2603 817 2646 uno
844 2581 955 2646 animo·
976 2581 1084 2647 vivere
1110 2579 1332 2646 Macedonum
1359 2591 1443 2666 atque

423 2675 606 2761 Illyriorum
624 2698 742 2761 regem,
761 2676 923 2741 communi
941 2675 1071 2741 consilio
1086 2696 1198 2760 parare
1211 2674 1370 2741 Romanis
1387 2675 1445 2742 bel·

391 2788 405 2835 3
423 2770 501 2845 lum,
520 2781 552 2834 et
565 2770 670 2854 specie
687 2770 866 2854 legatorum
875 2770 1002 2855 Illyrios
1016 2770 1232 2855 speculatores
1241 2769 1367 2836 Romae
1384 2789 1444 2835 eaeo
1469 2841 1471 2848 ,

390 2862 523 2930 4Perse
549 2875 679 2928 auctore
700 2864 827 2940 missos,
854 2876 890 2929 ut
912 2864 991 2948 quid
1016 2874 1165 2949 ageretur
1191 2863 1321 2929 scirent
1363 2861 1445 2950 Illyri

423 2956 528 3022 vocati
553 2956 587 3020 in
614 2968 774 3035 senatum;
801 2957 857 3042 qui
879 2980 953 3023 cum
973 2958 1096 3043 legatos
1123 2979 1157 3023 se
1180 2980 1250 3022 esse
1272 2960 1388 3024 missor
1408 2955 1444 3022 ab

422 3073 499 3137 rege
517 3051 658 3118 dicerent
676 3051 718 3116 ad
734 3051 903 3137 purganda
921 3052 1062 3129 crimina,
1080 3052 1108 3116 si
1126 3050 1247 3136 quade
1264 3047 1441 3138 regelssaal

389 3164 404 3211 5
423 3146 592 3223 deferrent,
610 3147 791 3229 quaesitum
808 3158 867 3223 est,
885 3145 962 3230 quid
979 3146 1025 3211 ita
1041 3167 1107 3211 non
1125 3146 1267 3211 adissent
1282 3147 1441 3233 magistra·

423 3251 505 3329 tum,
524 3252 560 3305 ut
578 3264 618 3306 ex
634 3241 780 3306 instituto
797 3240 878 3316 loca,
895 3239 996 3304 lautia
1013 3240 1209 3325 acciperent,
1228 3240 1380 3305 scriretur
1395 3239 1441 3302 de·

423 3336 520 3418 nique
533 3335 657 3401 venisse
672 3357 726 3401 eos
740 3346 772 3400 et
785 3356 881 3420 super
894 3355 958 3417 qua
971 3356 1006 3398 re
1020 3335 1191 3400 venissent.
1219 3333 1440 3400 haesitantibus

390 3429 457 3493 ein
483 3450 651 3513 responso,
676 3441 714 3494 ut
739 3428 828 3495 curia
855 3429 1060 3506 excederent,
1093 3429 1228 3506 dictum3
1260 3447 1439 3515 responsum

423 3533 587 3605 tamquam
603 3523 727 3607 legatis,
745 3534 782 3588 ut
799 3523 854 3607 qui
872 3523 960 3588 adire
979 3533 1124 3589 senatum
1141 3543 1206 3587 non
1224 3525 1438 3608 postulassent,

423 3615 492 3679 dari
509 3637 573 3681 non
590 3616 721 3702 placuit,
738 3617 972 3700 mittendosque
991 3618 1033 3682 ad
1049 3639 1158 3702 regem
1175 3617 1300 3702 legatos
1320 3637 1439 3684 censue

421 3720 511 3786 runt,
539 3710 594 3793 qui
620 3711 816 3788 nuntiarent,
843 3711 920 3795 quid
951 3711 1028 3776 socii
1054 3723 1276 3795 quererentur;
1304 3724 1438 3778 senatun

423 3804 625 3880 existumare,
643 3828 707 3870 non
721 3827 833 3872 aecum
849 3828 923 3872 eum
936 3806 1051 3885 facere,
1070 3807 1124 3891 qui
1139 3807 1180 3871 ab
1195 3807 1290 3871 sociis
1305 3809 1439 3873 suis-noa

390 3915 403 3962 t
423 3898 595 3964 abstineret
611 3900 768 3966 iniuriam.
799 3901 833 3965 in
850 3902 933 3966 hanc
950 3902 1142 3987 legationem
1159 3901 1251 3967 missi·
1265 3903 1309 3969 A.
1330 3903 1438 3968 Terea·

421 3993 484 4058 tius
502 3993 616 4071 Varro,
636 3992 675 4060 C.
693 3995 884 4074 Plaetorius,
903 3993 942 4061 C.
963 3992 1137 4062 Cicereius.

486 4087 540 4152 Ex
554 4089 644 4167 Asia,
662 4091 719 4174 qui
736 4091 822 4156 circa
838 4092 941 4156 socios
954 4113 1046 4177 reges
1064 4092 1153 4156 missi
1171 4103 1271 4172 erant,
1288 4094 1440 4161 redierm

422 4180 534 4268 legati:
553 4181 721 4250 Eumenen
739 4186 835 4263 inea,
853 4185 1051 4250 Antiochum
1064 4185 1213 4271 insyria,
1226 4187 1440 4254 Ptolemaeum

388 4293 404 4341 8
421 4275 638 4346 Alexandriae
652 4302 722 4346 sese
737 4281 937 4346 convenisse:
956 4301 1066 4347 omnes
1081 4281 1265 4348 sollicitatos
1282 4281 1458 4371 legationi'
