3359 5092
474 529 798 599 umnaxxxxrnr,
815 529 881 584 aa
902 529 1056 598 [acuas]
1217 517 1277 582 111

275 688 460 756 ammissum
477 686 630 773 pertinaci
647 685 795 763 audacia,
812 708 896 769 quae
914 687 1053 771 prudens
1070 688 1230 753 interdum
1246 687 1282 752 in

275 785 340 849 ritu
354 793 415 859 est,
435 782 601 867 corrigere
628 792 760 847 ventum
775 781 904 865 quidem
918 793 986 845 erat
999 803 1047 857 eo,
1065 793 1101 846 ut
1115 782 1143 847 si
1155 782 1281 847 hostem
1300 802 1314 849 a

275 879 389 944 imilem
415 876 557 959 antiquis
577 875 795 941 Macedonum
816 875 947 961 regibus
974 876 1138 941 habuisset
1159 876 1281 953 consul,

275 996 372 1059 mgna
385 972 494 1036 clades
507 970 608 1056 accipi
623 970 770 1054 potuerit
797 969 854 1034 sed
863 992 937 1035 cum
952 969 1103 1036 adDium
1117 992 1175 1056 per
1187 970 1283 1035 litora

275 1089 327 1130 um
352 1063 516 1149 equitibus
548 1075 719 1149 vagaretur
743 1087 801 1129 rex
827 1075 860 1129 et
889 1064 932 1129 ah
958 1064 1127 1128 duodecim
1151 1064 1282 1129 milibus

275 1183 352 1246 rope
375 1160 549 1225 clamorem
570 1168 604 1224 et
625 1160 792 1244 strepitum
814 1159 1027 1245 pugnantium
1053 1159 1193 1236 audiret,
1221 1181 1282 1224 nec

275 1255 342 1319 tuxit
368 1254 478 1341 copias
508 1254 650 1339 integros
680 1254 773 1320 fessis
799 1254 1041 1330 summittendo,
1071 1262 1187 1338 neque'
1200 1254 1281 1340 ipse,

275 1350 341 1431 {cod
356 1348 532 1434 plurimum
544 1348 705 1424 intererat,
724 1348 888 1414 certamini
902 1349 1015 1425 adfuit,
1033 1371 1106 1413 cum
1115 1348 1280 1414 Romanus
1300 1366 1332 1416 10

275 1456 427 1529 superator
448 1443 549 1510 maior
575 1441 742 1528 sexaginta
767 1442 859 1507 annis
882 1455 913 1508 et
938 1443 1122 1528 praegravis
1150 1464 1281 1528 corpore

275 1538 361 1601 annia
382 1536 534 1601 militaria
553 1559 688 1602 munera
707 1537 777 1623 ipse
793 1538 918 1623 inpigre
937 1538 1047 1602 obiret
1093 1538 1222 1623 egregie
1239 1537 1281 1602 ad
1300 1554 1331 1601 11

275 1632 402 1696 ultimum
424 1631 459 1696 in
479 1632 642 1697 audaciter
660 1632 828 1698 commisso
845 1633 1075 1717 perseveravit,
1093 1645 1125 1696 et
1141 1632 1280 1717 Popillio

275 1727 363 1791 elicto
380 1726 414 1789 in
433 1726 578 1791 custodia
598 1726 680 1811 iugi,
707 1726 872 1812 per-invia
894 1739 1164 1811 transgressurus,
1188 1749 1281 1812 prae-

275 1820 358 1884 nissis
373 1817 461 1906 [qui]
475 1834 685 1907 repurgarent
701 1820 770 1896 iter,
785 1821 933 1885 Attahrm
951 1820 1193 1905 etMisagenem
1207 1844 1281 1885 cum

275 1937 332 1981 uae
351 1915 458 2001 gentis
480 1926 651 2000 utrumque
673 1915 881 1980 auxiliaribus
899 1914 1057 1999 praesidio
1077 1937 1146 1980 esse
1164 1915 1281 1979 saltum

275 2010 470 2095 perientibus
487 2010 591 2087 iubet,
617 2011 686 2095 ipse
703 2009 827 2093 equites
844 2010 1134 2095 impedimentaque
1151 2032 1227 2094 prae
1245 2032 1280 2074 se
1300 2028 1331 2075 12

275 2105 375 2169 abens
393 2127 468 2169 cum
483 2104 663 2189 legionibus
681 2126 798 2189 agmen
816 2105 912 2189 cogit

318 2200 360 2265 V.
387 2198 612 2263 Inenarrabilis
634 2198 725 2263 labor
748 2199 1013 2263 descendentibus
1033 2221 1106 2263 cum
1124 2198 1215 2263 ruina
1231 2199 1312 2263 iu-1

275 2306 433 2359 uentorum
461 2294 729 2378 sarcinarumque.
773 2293 950 2379 progressis
972 2292 1104 2357 vixdum
1130 2304 1281 2377 quattuor

275 2388 341 2454 uilia
358 2394 489 2476 passum
505 2389 583 2453 nihil
601 2388 772 2474 optabilius
784 2411 855 2454 esse
870 2411 966 2473 quam
984 2388 1086 2453 redire
1104 2409 1169 2472 qua
1187 2410 1281 2454 vene-

275 2496 340 2561 ant,
368 2485 395 2548 si
419 2494 558 2569 possent
602 2483 748 2548 hostilem
771 2504 870 2568 prope
889 2483 1061 2546 tumultum
1079 2481 1199 2566 agmini
1217 2482 1281 2546 ele-
1299 2500 1313 2547 2

275 2575 364 2643 bauti
389 2577 602 2662 praebebant,
629 2577 684 2660 qui
705 2576 763 2641 ubi
784 2576 826 2640 ad
847 2577 945 2640 invia.
955 2586 1123 2652 venerant,
1150 2575 1280 2640 deiectis

275 2671 429 2736 actoribus
438 2693 512 2736 cum
525 2671 682 2735 horrendo
692 2670 825 2736 stridore
839 2692 992 2755 pavorem
1006 2669 1177 2754 ingentem,
1188 2670 1280 2753 equis

275 2765 408 2841 mxime,
434 2765 645 2841 incutiebant,
672 2765 774 2829 donec
800 2762 989 2828 traducendi
1015 2786 1069 2828 eos
1096 2763 1176 2828 ratio
1201 2763 1281 2829 inita

276 2872 311 2923 st.
356 2881 415 2944 per
437 2860 577 2943 proclive
595 2870 721 2943 sumpto
739 2858 869 2944 fastigio
891 2859 979 2945 longi
997 2859 1061 2923 duo
1079 2859 1177 2923 validi
1195 2882 1281 2924 asse-
1299 2875 1314 2922 a

275 2975 305 3018 es
318 2975 360 3018 ex
374 2952 524 3018 inferiore
538 2965 628 3037 parte
641 2952 675 3017 in
688 2964 772 3018 terra
785 2953 1016 3039 deligebantur,
1035 2954 1187 3018 distantes
1199 2954 1282 3019 inter

275 3047 407 3133 epaulo
428 3047 501 3133 plus
522 3068 620 3130 quarn
645 3059 764 3131 quanta
785 3047 900 3113 beluae
921 3047 1055 3112 latitudo
1081 3059 1143 3125 est;
1169 3049 1204 3112 in
1226 3070 1280 3112 eos
1298 3064 1315 3109 4

275 3161 436 3206 rausverso
453 3141 672 3208 incumbentes
690 3141 780 3226 tigno
798 3141 840 3206 ad
857 3142 993 3207 tricenos
1010 3141 1097 3226 longi
1115 3141 1227 3226 pedes,
1245 3151 1282 3204 ut

275 3257 334 3300 tous
354 3247 453 3313 esset,
474 3235 723 3322 iniungebantur
739 3236 920 3320 humusque
937 3237 1067 3321 insuper
1083 3233 1280 3299 iniciebatur.

275 3330 380 3395 sodico
395 3330 510 3395 deinde
523 3332 606 3396 infra
619 3331 785 3396 intervallo
799 3330 910 3395 similis
926 3332 1006 3395 alter
1021 3352 1113 3416 pons,
1132 3329 1206 3393 dein
1218 3339 1282 3393 ter·
1299 3345 1314 3392 5

275 3424 328 3501 ius,
342 3437 375 3491 et
389 3426 497 3510 plures
510 3447 549 3490 ex
564 3425 684 3502 ordine,
694 3446 759 3509 qua
770 3447 868 3510 rupes
881 3425 1024 3491 abscisae
1037 3436 1137 3501 erant,
1151 3423 1280 3489 fiebant

275 3519 357 3583 olido
375 3517 569 3604 procedebat
582 3519 768 3604 elephantus
781 3520 816 3583 in
828 3529 959 3603 pontem
964 3542 974 3594 3
992 3518 1082 3582 cuius
1095 3518 1282 3603 prinsquam
1301 3532 1315 3580 6

275 3625 476 3678 uextremum
489 3613 684 3698 procederet,
698 3613 830 3677 succisis
844 3612 1003 3677 asseribus
1018 3611 1187 3697 conlapsus
1201 3632 1282 3697 pons

275 3730 359 3792 taque
382 3705 456 3793 [ad]
484 3707 614 3773 alterius
638 3708 765 3772 initium
791 3707 897 3793 pontis
924 3705 1048 3792 prolabi
1070 3728 1144 3770 eum
1169 3705 1283 3771 leniter

275 3803 402 3889 egebat.
448 3801 501 3866 alii
517 3803 678 3888 elephanti
694 3801 829 3888 pedibus
846 3803 1041 3879 insistentes,
1065 3801 1119 3866 alii
1136 3801 1282 3866 clunibus
1302 3816 1315 3861 7

275 3897 459 3963 ubsidentos
484 3897 741 3983 prolabebantur.
769 3896 851 3961 'ubi
880 3897 1026 3981 planities
1054 3897 1153 3960 altera
1178 3894 1282 3980 pontis

275 3993 435 4078 xcepisset
448 4013 512 4068 eos,
530 4014 639 4056 rursus
653 3989 748 4055 simili
760 3991 853 4055 ruina
866 3990 1023 4055 inferioris
1040 3989 1145 4075 pontis
1160 3987 1283 4052 defere-

275 4099 384 4164 antur,
403 4087 505 4152 donce
517 4086 560 4150 ad
577 4087 759 4170 aequiorem
773 4086 889 4150 vallem
901 4097 1088 4171 perventum
1103 4095 1160 4148 est
1186 4080 1282 4165 paulo
1301 4093 1316 4141 8

275 4183 328 4246 lus
355 4193 480 4267 septem
505 4179 593 4246 milia
618 4181 669 4246 die
690 4181 829 4247 Romani
854 4189 1089 4266 processerunt3
1116 4174 1283 4239 minimum

275 4275 396 4342 edibus
417 4275 538 4342 itineris
560 4274 751 4341 confectum.
795 4274 985 4361 plerumque
1007 4268 1229 4357 provolventes
1247 4289 1282 4333 se
