<?xml version="1.0" encoding="UTF-8"?>
<!DOCTYPE html PUBLIC "-//W3C//DTD XHTML 1.0 Transitional//EN"
    "http://www.w3.org/TR/xhtml1/DTD/xhtml1-transitional.dtd">
<html xmlns="http://www.w3.org/1999/xhtml" xml:lang="en" lang="en">
 <head>
  <title>
</title>
<meta http-equiv="Content-Type" content="text/html;charset=utf-8" />
  <meta name='ocr-system' content='tesseract 3.04.00' />
  <meta name='ocr-capabilities' content='ocr_page ocr_carea ocr_par ocr_line ocrx_word'/>
</head>
<body>
  <div class='ocr_page' id='page_1' title='image "./titiliviaburbec02weisgoog_0203.png"; bbox 0 0 3359 5092; ppageno 0'>
   <div class='ocr_carea' id='block_1_1' title="bbox 479 494 1305 580">
    <p class='ocr_par' dir='ltr' id='par_1_1' title="bbox 479 494 1305 580">
     <span class='ocr_line' id='line_1_1' title="bbox 479 494 1305 580; baseline -0.002 -16"><span class='ocrx_word' id='word_1_1' title='bbox 479 507 598 564; x_wconf 80' lang='grc'><strong>111111</strong></span> <span class='ocrx_word' id='word_1_2' title='bbox 613 506 923 579; x_wconf 66' lang='grc'><strong>11111111111115.</strong></span> <span class='ocrx_word' id='word_1_3' title='bbox 944 506 1097 580; x_wconf 69' lang='lat' dir='ltr'><strong>[acra]</strong></span> <span class='ocrx_word' id='word_1_4' title='bbox 1242 494 1305 562; x_wconf 79' lang='grc'><strong>119</strong></span> 
     </span>
    </p>
   </div>
   <div class='ocr_carea' id='block_1_2' title="bbox 285 664 1425 4341">
    <p class='ocr_par' dir='ltr' id='par_1_2' title="bbox 285 664 1425 4341">
     <span class='ocr_line' id='line_1_2' title="bbox 285 664 1307 752; baseline 0.001 -20"><span class='ocrx_word' id='word_1_5' title='bbox 285 667 418 752; x_wconf 76' lang='lat' dir='ltr'><strong>predam</strong></span> <span class='ocrx_word' id='word_1_6' title='bbox 439 688 480 731; x_wconf 89' lang='lat' dir='ltr'><strong>ex</strong></span> <span class='ocrx_word' id='word_1_7' title='bbox 506 677 596 752; x_wconf 88' lang='lat' dir='ltr'><strong>parte</strong></span> <span class='ocrx_word' id='word_1_8' title='bbox 624 665 721 731; x_wconf 91' lang='lat' dir='ltr'><strong>etiam</strong></span> <span class='ocrx_word' id='word_1_9' title='bbox 742 665 894 752; x_wconf 90' lang='lat' dir='ltr'><strong>Philippo</strong></span> <span class='ocrx_word' id='word_1_10' title='bbox 915 676 1006 751; x_wconf 88' lang='lat' dir='ltr'><strong>patre</strong></span> <span class='ocrx_word' id='word_1_11' title='bbox 1028 686 1087 730; x_wconf 92' lang='lat' dir='ltr'><strong>suo</strong></span> <span class='ocrx_word' id='word_1_12' title='bbox 1108 664 1307 732; x_wconf 78' lang='lat' dir='ltr'><strong>Antiochum</strong></span> 
     </span>
     <span class='ocr_line' id='line_1_3' title="bbox 285 759 1306 849; baseline 0.002 -27"><span class='ocrx_word' id='word_1_13' title='bbox 285 771 514 849; x_wconf 66' lang='lat' dir='ltr'><strong>rppugnatum3</strong></span> <span class='ocrx_word' id='word_1_14' title='bbox 532 760 567 825; x_wconf 92' lang='lat' dir='ltr'><strong>in</strong></span> <span class='ocrx_word' id='word_1_15' title='bbox 583 782 618 825; x_wconf 89' lang='lat' dir='ltr'><strong>se</strong></span> <span class='ocrx_word' id='word_1_16' title='bbox 634 782 721 826; x_wconf 88' lang='lat' dir='ltr'><strong>nunc</strong></span> <span class='ocrx_word' id='word_1_17' title='bbox 738 771 772 825; x_wconf 91' lang='lat' dir='ltr'><strong>et</strong></span> <span class='ocrx_word' id='word_1_18' title='bbox 779 759 949 825; x_wconf 90' lang='lat' dir='ltr'><strong>Eumenen</strong></span> <span class='ocrx_word' id='word_1_19' title='bbox 967 771 999 824; x_wconf 90' lang='lat' dir='ltr'><strong>et</strong></span> <span class='ocrx_word' id='word_1_20' title='bbox 1011 759 1151 826; x_wconf 83' lang='lat' dir='ltr'><strong>Prusian</strong></span> <span class='ocrx_word' id='word_1_21' title='bbox 1168 771 1306 826; x_wconf 89' lang='lat' dir='ltr'><strong>armatos</strong></span> 
     </span>
     <span class='ocr_line' id='line_1_4' title="bbox 285 853 1341 939; baseline 0.001 -17"><span class='ocrx_word' id='word_1_22' title='bbox 285 879 353 922; x_wconf 76' lang='lat' dir='ltr'><strong>sse.</strong></span> <span class='ocrx_word' id='word_1_23' title='bbox 401 854 429 919; x_wconf 92' lang='lat' dir='ltr'><strong>si</strong></span> <span class='ocrx_word' id='word_1_24' title='bbox 447 854 657 919; x_wconf 77' lang='lat' dir='ltr'><strong>Macedoniae</strong></span> <span class='ocrx_word' id='word_1_25' title='bbox 673 875 809 939; x_wconf 86' lang='lat' dir='ltr'><strong>regnum</strong></span> <span class='ocrx_word' id='word_1_26' title='bbox 828 854 989 918; x_wconf 88' lang='lat' dir='ltr'><strong>sublatum</strong></span> <span class='ocrx_word' id='word_1_27' title='bbox 1007 853 1100 932; x_wconf 82' lang='lat' dir='ltr'><strong>foret,</strong></span> <span class='ocrx_word' id='word_1_28' title='bbox 1117 876 1307 939; x_wconf 89' lang='lat' dir='ltr'><strong>proxumam</strong></span> <span class='ocrx_word' id='word_1_29' title='bbox 1324 877 1341 923; x_wconf 78' lang='lat'>4</span> 
     </span>
     <span class='ocr_line' id='line_1_5' title="bbox 285 946 1309 1033; baseline -0.002 -17"><span class='ocrx_word' id='word_1_30' title='bbox 285 950 390 1016; x_wconf 87' lang='lat' dir='ltr'><strong>lsiam</strong></span> <span class='ocrx_word' id='word_1_31' title='bbox 409 970 491 1026; x_wconf 87' lang='lat' dir='ltr'><strong>esse,</strong></span> <span class='ocrx_word' id='word_1_32' title='bbox 509 968 606 1032; x_wconf 88' lang='lat' dir='ltr'><strong>qnam</strong></span> <span class='ocrx_word' id='word_1_33' title='bbox 618 947 684 1012; x_wconf 86' lang='lat' dir='ltr'><strong>iam</strong></span> <span class='ocrx_word' id='word_1_34' title='bbox 698 971 738 1013; x_wconf 86' lang='lat' dir='ltr'><strong>ex</strong></span> <span class='ocrx_word' id='word_1_35' title='bbox 754 958 845 1033; x_wconf 89' lang='lat' dir='ltr'><strong>parte</strong></span> <span class='ocrx_word' id='word_1_36' title='bbox 859 948 920 1012; x_wconf 92' lang='lat' dir='ltr'><strong>sub</strong></span> <span class='ocrx_word' id='word_1_37' title='bbox 938 946 1044 1033; x_wconf 89' lang='lat' dir='ltr'><strong>specie</strong></span> <span class='ocrx_word' id='word_1_38' title='bbox 1060 947 1217 1013; x_wconf 88' lang='lat' dir='ltr'><strong>liberandi</strong></span> <span class='ocrx_word' id='word_1_39' title='bbox 1232 949 1309 1014; x_wconf 88' lang='lat' dir='ltr'><strong>civi·</strong></span> 
     </span>
     <span class='ocr_line' id='line_1_6' title="bbox 285 1040 1340 1127; baseline 0.001 -17"><span class='ocrx_word' id='word_1_40' title='bbox 285 1045 346 1112; x_wconf 86' lang='lat' dir='ltr'><strong>atis</strong></span> <span class='ocrx_word' id='word_1_41' title='bbox 367 1065 463 1108; x_wconf 89' lang='lat' dir='ltr'><strong>suam</strong></span> <span class='ocrx_word' id='word_1_42' title='bbox 478 1041 625 1119; x_wconf 79' lang='lat' dir='ltr'><strong>fecerint,</strong></span> <span class='ocrx_word' id='word_1_43' title='bbox 643 1041 759 1107; x_wconf 91' lang='lat' dir='ltr'><strong>deinde</strong></span> <span class='ocrx_word' id='word_1_44' title='bbox 768 1040 906 1127; x_wconf 86' lang='lat' dir='ltr'><strong>Syriam.</strong></span> <span class='ocrx_word' id='word_1_45' title='bbox 937 1041 1160 1107; x_wconf 88' lang='lat' dir='ltr'><strong>iamPrusiam</strong></span> <span class='ocrx_word' id='word_1_46' title='bbox 1168 1040 1307 1109; x_wconf 90' lang='lat' dir='ltr'><strong>Eumeni</strong></span> <span class='ocrx_word' id='word_1_47' title='bbox 1325 1064 1340 1111; x_wconf 86' lang='lat'><strong>5</strong></span> 
     </span>
     <span class='ocr_line' id='line_1_7' title="bbox 285 1135 1308 1222; baseline -0.002 -18"><span class='ocrx_word' id='word_1_48' title='bbox 285 1160 397 1204; x_wconf 65' lang='lat' dir='ltr'><strong>nonore</strong></span> <span class='ocrx_word' id='word_1_49' title='bbox 416 1135 584 1222; x_wconf 82' lang='lat' dir='ltr'><strong>praeferri,</strong></span> <span class='ocrx_word' id='word_1_50' title='bbox 606 1135 671 1200; x_wconf 86' lang='lat' dir='ltr'><strong>iam</strong></span> <span class='ocrx_word' id='word_1_51' title='bbox 688 1135 887 1202; x_wconf 70' lang='lat' dir='ltr'><strong>Antiochum</strong></span> <span class='ocrx_word' id='word_1_52' title='bbox 903 1136 1057 1201; x_wconf 86' lang='lat' dir='ltr'><strong>victorem</strong></span> <span class='ocrx_word' id='word_1_53' title='bbox 1073 1135 1215 1221; x_wconf 86' lang='lat' dir='ltr'><strong>praemio</strong></span> <span class='ocrx_word' id='word_1_54' title='bbox 1233 1136 1308 1202; x_wconf 93' lang='lat' dir='ltr'><strong>belli</strong></span> 
     </span>
     <span class='ocr_line' id='line_1_8' title="bbox 285 1229 1341 1319; baseline -0.006 -21"><span class='ocrx_word' id='word_1_55' title='bbox 285 1235 434 1319; x_wconf 86' lang='lat' dir='ltr'><strong>legypto</strong></span> <span class='ocrx_word' id='word_1_56' title='bbox 451 1230 561 1296; x_wconf 89' lang='lat' dir='ltr'><strong>arceri.</strong></span> <span class='ocrx_word' id='word_1_57' title='bbox 606 1229 685 1296; x_wconf 90' lang='lat' dir='ltr'><strong>haec</strong></span> <span class='ocrx_word' id='word_1_58' title='bbox 704 1230 898 1316; x_wconf 75' lang='lat' dir='ltr'>cogitantem</span> <span class='ocrx_word' id='word_1_59' title='bbox 914 1230 1083 1317; x_wconf 87' lang='lat' dir='ltr'><strong>providere</strong></span> <span class='ocrx_word' id='word_1_60' title='bbox 1100 1230 1245 1307; x_wconf 91' lang='lat' dir='ltr'><strong>iubebat,</strong></span> <span class='ocrx_word' id='word_1_61' title='bbox 1271 1241 1308 1295; x_wconf 92' lang='lat' dir='ltr'><strong>ut</strong></span> <span class='ocrx_word' id='word_1_62' title='bbox 1326 1244 1341 1291; x_wconf 86' lang='grc'><strong>0</strong></span> 
     </span>
     <span class='ocr_line' id='line_1_9' title="bbox 285 1324 1309 1411; baseline -0.004 -19"><span class='ocrx_word' id='word_1_63' title='bbox 285 1345 328 1392; x_wconf 86' lang='lat' dir='ltr'><strong>ut</strong></span> <span class='ocrx_word' id='word_1_64' title='bbox 347 1326 393 1391; x_wconf 90' lang='lat' dir='ltr'><strong>ad</strong></span> <span class='ocrx_word' id='word_1_65' title='bbox 413 1346 527 1410; x_wconf 87' lang='lat' dir='ltr'><strong>pacem</strong></span> <span class='ocrx_word' id='word_1_66' title='bbox 540 1346 650 1390; x_wconf 89' lang='lat' dir='ltr'><strong>secum</strong></span> <span class='ocrx_word' id='word_1_67' title='bbox 667 1325 847 1391; x_wconf 82' lang='lat' dir='ltr'><strong>faciendam</strong></span> <span class='ocrx_word' id='word_1_68' title='bbox 862 1325 1054 1411; x_wconf 87' lang='lat' dir='ltr'><strong>conpelleret</strong></span> <span class='ocrx_word' id='word_1_69' title='bbox 1062 1324 1235 1402; x_wconf 81' lang='lat' dir='ltr'><strong>Romanos,</strong></span> <span class='ocrx_word' id='word_1_70' title='bbox 1254 1336 1309 1388; x_wconf 89' lang='lat' dir='ltr'><strong>aut</strong></span> 
     </span>
     <span class='ocr_line' id='line_1_10' title="bbox 285 1417 1309 1487; baseline -0.005 0"><span class='ocrx_word' id='word_1_71' title='bbox 285 1428 521 1487; x_wconf 75' lang='lat' dir='ltr'><strong>›creaverantes</strong></span> <span class='ocrx_word' id='word_1_72' title='bbox 539 1419 573 1482; x_wconf 93' lang='lat' dir='ltr'><strong>in</strong></span> <span class='ocrx_word' id='word_1_73' title='bbox 590 1419 675 1484; x_wconf 90' lang='lat' dir='ltr'><strong>bello</strong></span> <span class='ocrx_word' id='word_1_74' title='bbox 691 1418 810 1484; x_wconf 90' lang='lat' dir='ltr'><strong>iniusto</strong></span> <span class='ocrx_word' id='word_1_75' title='bbox 826 1440 1010 1486; x_wconf 88' lang='lat' dir='ltr'><strong>communes</strong></span> <span class='ocrx_word' id='word_1_76' title='bbox 1024 1417 1154 1484; x_wconf 88' lang='lat' dir='ltr'><strong>duceret</strong></span> <span class='ocrx_word' id='word_1_77' title='bbox 1167 1418 1309 1482; x_wconf 92' lang='lat' dir='ltr'><strong>omnium</strong></span> 
     </span>
     <span class='ocr_line' id='line_1_11' title="bbox 285 1513 1343 1602; baseline -0.006 -24"><span class='ocrx_word' id='word_1_78' title='bbox 285 1538 390 1602; x_wconf 79' lang='lat' dir='ltr'><strong>egum</strong></span> <span class='ocrx_word' id='word_1_79' title='bbox 408 1514 528 1579; x_wconf 89' lang='lat' dir='ltr'><strong>hostes.</strong></span> <span class='ocrx_word' id='word_1_80' title='bbox 573 1513 614 1578; x_wconf 86' lang='lat' dir='ltr'><strong>ad</strong></span> <span class='ocrx_word' id='word_1_81' title='bbox 631 1513 829 1579; x_wconf 77' lang='lat' dir='ltr'><strong>Antiochum</strong></span> <span class='ocrx_word' id='word_1_82' title='bbox 847 1526 956 1600; x_wconf 87' lang='lat' dir='ltr'><strong>aperta</strong></span> <span class='ocrx_word' id='word_1_83' title='bbox 973 1514 1124 1578; x_wconf 89' lang='lat' dir='ltr'><strong>mandata</strong></span> <span class='ocrx_word' id='word_1_84' title='bbox 1141 1524 1246 1591; x_wconf 86' lang='lat' dir='ltr'><strong>erant,</strong></span> <span class='ocrx_word' id='word_1_85' title='bbox 1269 1513 1311 1579; x_wconf 87' lang='lat' dir='ltr'><strong>ad</strong></span> <span class='ocrx_word' id='word_1_86' title='bbox 1329 1527 1343 1572; x_wconf 76' lang='grc'><strong>1</strong></span> 
     </span>
     <span class='ocr_line' id='line_1_12' title="bbox 285 1608 1310 1695; baseline -0.003 -19"><span class='ocrx_word' id='word_1_87' title='bbox 285 1610 451 1676; x_wconf 81' lang='lat' dir='ltr'><strong>lumenen</strong></span> <span class='ocrx_word' id='word_1_88' title='bbox 468 1630 526 1694; x_wconf 90' lang='lat' dir='ltr'><strong>per</strong></span> <span class='ocrx_word' id='word_1_89' title='bbox 543 1609 682 1694; x_wconf 89' lang='lat' dir='ltr'><strong>speciem</strong></span> <span class='ocrx_word' id='word_1_90' title='bbox 699 1609 898 1695; x_wconf 88' lang='lat' dir='ltr'><strong>captivorum</strong></span> <span class='ocrx_word' id='word_1_91' title='bbox 914 1608 1173 1674; x_wconf 88' lang='lat' dir='ltr'><strong>redimendorum</strong></span> <span class='ocrx_word' id='word_1_92' title='bbox 1194 1608 1310 1673; x_wconf 89' lang='lat' dir='ltr'><strong>missus</strong></span> 
     </span>
     <span class='ocr_line' id='line_1_13' title="bbox 285 1699 1309 1792; baseline -0.003 -22"><span class='ocrx_word' id='word_1_93' title='bbox 285 1715 404 1792; x_wconf 83' lang='lat' dir='ltr'><strong>egatus</strong></span> <span class='ocrx_word' id='word_1_94' title='bbox 433 1714 516 1780; x_wconf 84' lang='lat' dir='ltr'><strong>erat3</strong></span> <span class='ocrx_word' id='word_1_95' title='bbox 544 1699 610 1788; x_wconf 90' lang='lat' dir='ltr'><strong>[re]</strong></span> <span class='ocrx_word' id='word_1_96' title='bbox 637 1725 714 1768; x_wconf 89' lang='lat' dir='ltr'><strong>vera</strong></span> <span class='ocrx_word' id='word_1_97' title='bbox 738 1703 911 1768; x_wconf 81' lang='lat' dir='ltr'><strong>occultiora</strong></span> <span class='ocrx_word' id='word_1_98' title='bbox 936 1701 1096 1786; x_wconf 86' lang='lat' dir='ltr'><strong>quaedam</strong></span> <span class='ocrx_word' id='word_1_99' title='bbox 1121 1702 1309 1788; x_wconf 75' lang='lat' dir='ltr'><strong>agebantur,</strong></span> 
     </span>
     <span class='ocr_line' id='line_1_14' title="bbox 285 1795 1309 1882; baseline -0.004 -17"><span class='ocrx_word' id='word_1_100' title='bbox 285 1821 358 1882; x_wconf 66' lang='lat' dir='ltr'><strong>tuae</strong></span> <span class='ocrx_word' id='word_1_101' title='bbox 375 1797 412 1862; x_wconf 93' lang='lat' dir='ltr'><strong>in</strong></span> <span class='ocrx_word' id='word_1_102' title='bbox 425 1796 606 1882; x_wconf 89' lang='lat' dir='ltr'><strong>praesentia</strong></span> <span class='ocrx_word' id='word_1_103' title='bbox 619 1797 758 1861; x_wconf 89' lang='lat' dir='ltr'><strong>invisum</strong></span> <span class='ocrx_word' id='word_1_104' title='bbox 772 1797 901 1880; x_wconf 88' lang='lat' dir='ltr'><strong>quidem</strong></span> <span class='ocrx_word' id='word_1_105' title='bbox 915 1808 947 1862; x_wconf 89' lang='lat' dir='ltr'><strong>et</strong></span> <span class='ocrx_word' id='word_1_106' title='bbox 960 1808 1143 1882; x_wconf 89' lang='lat' dir='ltr'><strong>suspectum</strong></span> <span class='ocrx_word' id='word_1_107' title='bbox 1155 1795 1309 1862; x_wconf 86' lang='lat' dir='ltr'><strong>Romanis</strong></span> 
     </span>
     <span class='ocr_line' id='line_1_15' title="bbox 285 1889 1344 1978; baseline -0.006 -20"><span class='ocrx_word' id='word_1_108' title='bbox 285 1892 452 1960; x_wconf 83' lang='lat' dir='ltr'><strong>lumenen</strong></span> <span class='ocrx_word' id='word_1_109' title='bbox 470 1891 559 1956; x_wconf 86' lang='lat' dir='ltr'><strong>falsis</strong></span> <span class='ocrx_word' id='word_1_110' title='bbox 576 1891 777 1976; x_wconf 81' lang='lat' dir='ltr'><strong>gravioribus</strong></span> <span class='ocrx_word' id='word_1_111' title='bbox 796 1890 998 1977; x_wconf 91' lang='lat' dir='ltr'><strong>[criminibus</strong></span> <span class='ocrx_word' id='word_1_112' title='bbox 1016 1889 1219 1978; x_wconf 90' lang='lat' dir='ltr'><strong>onerarunt];</strong></span> <span class='ocrx_word' id='word_1_113' title='bbox 1237 1912 1311 1976; x_wconf 91' lang='lat' dir='ltr'><strong>pro-</strong></span> <span class='ocrx_word' id='word_1_114' title='bbox 1328 1903 1344 1951; x_wconf 87' lang='lat'><em>8</em></span> 
     </span>
     <span class='ocr_line' id='line_1_16' title="bbox 285 1985 1311 2071; baseline -0.004 -18"><span class='ocrx_word' id='word_1_115' title='bbox 285 1987 357 2053; x_wconf 86' lang='lat' dir='ltr'><strong>litor</strong></span> <span class='ocrx_word' id='word_1_116' title='bbox 374 1986 465 2051; x_wconf 92' lang='lat' dir='ltr'><strong>enim</strong></span> <span class='ocrx_word' id='word_1_117' title='bbox 477 2006 516 2050; x_wconf 89' lang='lat' dir='ltr'><strong>ac</strong></span> <span class='ocrx_word' id='word_1_118' title='bbox 529 2006 630 2071; x_wconf 86' lang='lat' dir='ltr'><strong>prope</strong></span> <span class='ocrx_word' id='word_1_119' title='bbox 643 1985 743 2050; x_wconf 89' lang='lat' dir='ltr'><strong>hostis</strong></span> <span class='ocrx_word' id='word_1_120' title='bbox 757 1985 896 2062; x_wconf 89' lang='lat' dir='ltr'><strong>habitus,</strong></span> <span class='ocrx_word' id='word_1_121' title='bbox 911 1986 987 2050; x_wconf 91' lang='lat' dir='ltr'><strong>dum</strong></span> <span class='ocrx_word' id='word_1_122' title='bbox 1000 1985 1083 2052; x_wconf 90' lang='lat' dir='ltr'><strong>inter</strong></span> <span class='ocrx_word' id='word_1_123' title='bbox 1098 1986 1205 2051; x_wconf 89' lang='lat' dir='ltr'><strong>seduc</strong></span> <span class='ocrx_word' id='word_1_124' title='bbox 1218 2007 1311 2071; x_wconf 85' lang='lat' dir='ltr'><strong>reges</strong></span> 
     </span>
     <span class='ocr_line' id='line_1_17' title="bbox 285 2074 1345 2168; baseline -0.008 -20"><span class='ocrx_word' id='word_1_125' title='bbox 285 2092 447 2168; x_wconf 84' lang='lat' dir='ltr'><strong>aptantes</strong></span> <span class='ocrx_word' id='word_1_126' title='bbox 461 2079 574 2144; x_wconf 87' lang='lat' dir='ltr'><strong>fraude</strong></span> <span class='ocrx_word' id='word_1_127' title='bbox 587 2091 620 2144; x_wconf 93' lang='lat' dir='ltr'><strong>et</strong></span> <span class='ocrx_word' id='word_1_128' title='bbox 633 2080 767 2145; x_wconf 89' lang='lat' dir='ltr'><strong>avaritia</strong></span> <span class='ocrx_word' id='word_1_129' title='bbox 775 2090 907 2144; x_wconf 89' lang='lat' dir='ltr'><strong>certant.</strong></span> <span class='ocrx_word' id='word_1_130' title='bbox 936 2075 1045 2165; x_wconf 84' lang='lat' dir='ltr'><strong>Cydas</strong></span> <span class='ocrx_word' id='word_1_131' title='bbox 1059 2092 1128 2146; x_wconf 89' lang='lat' dir='ltr'><strong>erat</strong></span> <span class='ocrx_word' id='word_1_132' title='bbox 1137 2074 1310 2157; x_wconf 76' lang='lat' dir='ltr'><strong>Cretensis,</strong></span> <span class='ocrx_word' id='word_1_133' title='bbox 1330 2091 1345 2139; x_wconf 84' lang='grc'>9</span> 
     </span>
     <span class='ocr_line' id='line_1_18' title="bbox 287 2172 1312 2260; baseline -0.002 -20"><span class='ocrx_word' id='word_1_134' title='bbox 287 2199 310 2240; x_wconf 90' lang='lat' dir='ltr'>x</span> <span class='ocrx_word' id='word_1_135' title='bbox 327 2172 460 2240; x_wconf 90' lang='lat' dir='ltr'><strong>intimis</strong></span> <span class='ocrx_word' id='word_1_136' title='bbox 479 2172 644 2238; x_wconf 92' lang='lat' dir='ltr'><strong>Eumenis.</strong></span> <span class='ocrx_word' id='word_1_137' title='bbox 671 2173 722 2237; x_wconf 91' lang='lat' dir='ltr'><strong>his</strong></span> <span class='ocrx_word' id='word_1_138' title='bbox 739 2173 828 2259; x_wconf 92' lang='lat' dir='ltr'><strong>prius</strong></span> <span class='ocrx_word' id='word_1_139' title='bbox 847 2174 890 2238; x_wconf 89' lang='lat' dir='ltr'><strong>ad</strong></span> <span class='ocrx_word' id='word_1_140' title='bbox 902 2174 1123 2260; x_wconf 91' lang='lat' dir='ltr'><strong>Amphipolim</strong></span> <span class='ocrx_word' id='word_1_141' title='bbox 1141 2196 1214 2239; x_wconf 93' lang='lat' dir='ltr'><strong>cum</strong></span> <span class='ocrx_word' id='word_1_142' title='bbox 1233 2172 1312 2240; x_wconf 85' lang='lat' dir='ltr'><strong>Chi-</strong></span> 
     </span>
     <span class='ocr_line' id='line_1_19' title="bbox 285 2267 1312 2354; baseline -0.003 -18"><span class='ocrx_word' id='word_1_143' title='bbox 285 2292 366 2336; x_wconf 89' lang='lat' dir='ltr'><strong>naro</strong></span> <span class='ocrx_word' id='word_1_144' title='bbox 386 2267 531 2352; x_wconf 87' lang='lat' dir='ltr'><strong>quodam</strong></span> <span class='ocrx_word' id='word_1_145' title='bbox 554 2268 701 2352; x_wconf 89' lang='lat' dir='ltr'><strong>populari</strong></span> <span class='ocrx_word' id='word_1_146' title='bbox 723 2289 782 2332; x_wconf 89' lang='lat' dir='ltr'><strong>suo</strong></span> <span class='ocrx_word' id='word_1_147' title='bbox 803 2268 959 2333; x_wconf 83' lang='lat' dir='ltr'><strong>militante</strong></span> <span class='ocrx_word' id='word_1_148' title='bbox 982 2279 1060 2354; x_wconf 88' lang='lat' dir='ltr'><strong>aput</strong></span> <span class='ocrx_word' id='word_1_149' title='bbox 1076 2268 1212 2346; x_wconf 89' lang='lat' dir='ltr'><strong>Persea,</strong></span> <span class='ocrx_word' id='word_1_150' title='bbox 1237 2268 1312 2333; x_wconf 88' lang='lat' dir='ltr'><strong>inde</strong></span> 
     </span>
     <span class='ocr_line' id='line_1_20' title="bbox 285 2359 1311 2446; baseline -0.005 -15"><span class='ocrx_word' id='word_1_151' title='bbox 285 2381 392 2431; x_wconf 72' lang='lat' dir='ltr'><strong>testea</strong></span> <span class='ocrx_word' id='word_1_152' title='bbox 414 2361 460 2427; x_wconf 91' lang='lat' dir='ltr'><strong>ad</strong></span> <span class='ocrx_word' id='word_1_153' title='bbox 476 2359 717 2427; x_wconf 79' lang='lat' dir='ltr'><strong>Demetriadem</strong></span> <span class='ocrx_word' id='word_1_154' title='bbox 739 2363 837 2428; x_wconf 88' lang='lat' dir='ltr'><strong>semel</strong></span> <span class='ocrx_word' id='word_1_155' title='bbox 861 2384 934 2427; x_wconf 88' lang='lat' dir='ltr'><strong>eum</strong></span> <span class='ocrx_word' id='word_1_156' title='bbox 952 2361 1139 2428; x_wconf 77' lang='lat' dir='ltr'><strong>Menecrate</strong></span> <span class='ocrx_word' id='word_1_157' title='bbox 1161 2362 1311 2446; x_wconf 87' lang='lat' dir='ltr'><strong>quodam,</strong></span> 
     </span>
     <span class='ocr_line' id='line_1_21' title="bbox 285 2455 1312 2543; baseline -0.004 -19"><span class='ocrx_word' id='word_1_158' title='bbox 285 2473 396 2528; x_wconf 84' lang='lat' dir='ltr'><strong>terum</strong></span> <span class='ocrx_word' id='word_1_159' title='bbox 416 2479 492 2521; x_wconf 91' lang='lat' dir='ltr'><strong>cum</strong></span> <span class='ocrx_word' id='word_1_160' title='bbox 508 2456 717 2534; x_wconf 83' lang='lat' dir='ltr'><strong>Antimacho,</strong></span> <span class='ocrx_word' id='word_1_161' title='bbox 734 2457 831 2543; x_wconf 82' lang='lat' dir='ltr'><strong>regiis</strong></span> <span class='ocrx_word' id='word_1_162' title='bbox 849 2456 999 2533; x_wconf 89' lang='lat' dir='ltr'><strong>ducibus,</strong></span> <span class='ocrx_word' id='word_1_163' title='bbox 1017 2457 1078 2521; x_wconf 89' lang='lat' dir='ltr'><strong>sub</strong></span> <span class='ocrx_word' id='word_1_164' title='bbox 1094 2456 1173 2541; x_wconf 86' lang='lat' dir='ltr'><strong>ipsis</strong></span> <span class='ocrx_word' id='word_1_165' title='bbox 1190 2455 1312 2522; x_wconf 90' lang='lat' dir='ltr'><strong>moeni·</strong></span> 
     </span>
     <span class='ocr_line' id='line_1_22' title="bbox 285 2550 1363 2636; baseline -0.007 -18"><span class='ocrx_word' id='word_1_166' title='bbox 285 2576 336 2620; x_wconf 79' lang='lat' dir='ltr'><strong>rus</strong></span> <span class='ocrx_word' id='word_1_167' title='bbox 355 2551 452 2617; x_wconf 85' lang='lat' dir='ltr'><strong>urbis</strong></span> <span class='ocrx_word' id='word_1_168' title='bbox 467 2550 652 2616; x_wconf 88' lang='lat' dir='ltr'><strong>conlocutus</strong></span> <span class='ocrx_word' id='word_1_169' title='bbox 670 2550 785 2616; x_wconf 88' lang='lat' dir='ltr'><strong>fuerat.</strong></span> <span class='ocrx_word' id='word_1_170' title='bbox 812 2550 1001 2636; x_wconf 90' lang='lat' dir='ltr'><strong>Hierophon</strong></span> <span class='ocrx_word' id='word_1_171' title='bbox 1013 2569 1152 2633; x_wconf 87' lang='lat' dir='ltr'><strong>queque,</strong></span> <span class='ocrx_word' id='word_1_172' title='bbox 1170 2550 1226 2634; x_wconf 91' lang='lat' dir='ltr'><strong>qui</strong></span> <span class='ocrx_word' id='word_1_173' title='bbox 1244 2562 1313 2615; x_wconf 89' lang='lat' dir='ltr'><strong>tum</strong></span> <span class='ocrx_word' id='word_1_174' title='bbox 1332 2564 1363 2611; x_wconf 87' lang='lat'><strong>10</strong></span> 
     </span>
     <span class='ocr_line' id='line_1_23' title="bbox 285 2643 1314 2728; baseline -0.004 -16"><span class='ocrx_word' id='word_1_175' title='bbox 285 2649 398 2712; x_wconf 83' lang='lat' dir='ltr'><strong>nissus</strong></span> <span class='ocrx_word' id='word_1_176' title='bbox 416 2653 482 2721; x_wconf 88' lang='lat' dir='ltr'><strong>est,</strong></span> <span class='ocrx_word' id='word_1_177' title='bbox 509 2644 634 2709; x_wconf 90' lang='lat' dir='ltr'><strong>duabus</strong></span> <span class='ocrx_word' id='word_1_178' title='bbox 652 2645 693 2709; x_wconf 90' lang='lat' dir='ltr'><strong>ad</strong></span> <span class='ocrx_word' id='word_1_179' title='bbox 715 2646 852 2711; x_wconf 92' lang='lat' dir='ltr'><strong>eundem</strong></span> <span class='ocrx_word' id='word_1_180' title='bbox 867 2643 1036 2709; x_wconf 85' lang='lat' dir='ltr'><strong>Eumenen</strong></span> <span class='ocrx_word' id='word_1_181' title='bbox 1052 2643 1117 2708; x_wconf 91' lang='lat' dir='ltr'><strong>iam</strong></span> <span class='ocrx_word' id='word_1_182' title='bbox 1135 2655 1209 2708; x_wconf 90' lang='lat' dir='ltr'><strong>ante</strong></span> <span class='ocrx_word' id='word_1_183' title='bbox 1225 2644 1314 2728; x_wconf 86' lang='lat' dir='ltr'><strong>lega-</strong></span> 
     </span>
     <span class='ocr_line' id='line_1_24' title="bbox 285 2738 1362 2823; baseline -0.005 -17"><span class='ocrx_word' id='word_1_184' title='bbox 285 2741 426 2808; x_wconf 80' lang='lat' dir='ltr'><strong>tionibus</strong></span> <span class='ocrx_word' id='word_1_185' title='bbox 442 2738 659 2804; x_wconf 80' lang='lat' dir='ltr'><strong>famctuserat.</strong></span> <span class='ocrx_word' id='word_1_186' title='bbox 686 2761 769 2823; x_wconf 89' lang='lat' dir='ltr'><strong>quae</strong></span> <span class='ocrx_word' id='word_1_187' title='bbox 779 2738 949 2823; x_wconf 88' lang='lat' dir='ltr'><strong>conloquia</strong></span> <span class='ocrx_word' id='word_1_188' title='bbox 958 2738 1083 2804; x_wconf 89' lang='lat' dir='ltr'><strong>occulta</strong></span> <span class='ocrx_word' id='word_1_189' title='bbox 1093 2749 1125 2803; x_wconf 89' lang='lat' dir='ltr'><strong>et</strong></span> <span class='ocrx_word' id='word_1_190' title='bbox 1136 2738 1312 2823; x_wconf 84' lang='lat' dir='ltr'><strong>legationes</strong></span> <span class='ocrx_word' id='word_1_191' title='bbox 1332 2752 1362 2799; x_wconf 90' lang='lat'><strong>11</strong></span> 
     </span>
     <span class='ocr_line' id='line_1_25' title="bbox 285 2832 1314 2918; baseline -0.005 -14"><span class='ocrx_word' id='word_1_192' title='bbox 285 2837 420 2904; x_wconf 70' lang='lat' dir='ltr'><strong>mames</strong></span> <span class='ocrx_word' id='word_1_193' title='bbox 430 2832 561 2917; x_wconf 89' lang='lat' dir='ltr'><strong>quidem</strong></span> <span class='ocrx_word' id='word_1_194' title='bbox 571 2845 670 2912; x_wconf 89' lang='lat' dir='ltr'><strong>erant,</strong></span> <span class='ocrx_word' id='word_1_195' title='bbox 681 2835 823 2918; x_wconf 88' lang='lat' dir='ltr'><strong>sedquid</strong></span> <span class='ocrx_word' id='word_1_196' title='bbox 833 2846 940 2899; x_wconf 88' lang='lat' dir='ltr'><strong>actum</strong></span> <span class='ocrx_word' id='word_1_197' title='bbox 950 2843 1034 2899; x_wconf 89' lang='lat' dir='ltr'><strong>esset</strong></span> <span class='ocrx_word' id='word_1_198' title='bbox 1043 2832 1160 2916; x_wconf 89' lang='lat' dir='ltr'><strong>quidve</strong></span> <span class='ocrx_word' id='word_1_199' title='bbox 1173 2833 1256 2898; x_wconf 80' lang='lat' dir='ltr'><strong>inter</strong></span> <span class='ocrx_word' id='word_1_200' title='bbox 1264 2855 1314 2899; x_wconf 89' lang='lat' dir='ltr'><strong>re-</strong></span> 
     </span>
     <span class='ocr_line' id='line_1_26' title="bbox 285 2926 1287 3016; baseline -0.003 -20"><span class='ocrx_word' id='word_1_201' title='bbox 285 2950 333 3016; x_wconf 66' lang='lat' dir='ltr'><strong>ges</strong></span> <span class='ocrx_word' id='word_1_202' title='bbox 354 2927 563 2995; x_wconf 86' lang='lat' dir='ltr'><strong>convenisset</strong></span> <span class='ocrx_word' id='word_1_203' title='bbox 579 2928 796 3014; x_wconf 77' lang='lat' dir='ltr'><strong>ignorabatur.</strong></span> <span class='ocrx_word' id='word_1_204' title='bbox 822 2952 874 2994; x_wconf 89' lang='lat' dir='ltr'><strong>res</strong></span> <span class='ocrx_word' id='word_1_205' title='bbox 893 2939 999 2995; x_wconf 88' lang='lat' dir='ltr'><strong>autem</strong></span> <span class='ocrx_word' id='word_1_206' title='bbox 1016 2928 1062 2993; x_wconf 88' lang='lat' dir='ltr'><strong>ita</strong></span> <span class='ocrx_word' id='word_1_207' title='bbox 1079 2949 1149 2993; x_wconf 88' lang='lat' dir='ltr'><strong>sese</strong></span> <span class='ocrx_word' id='word_1_208' title='bbox 1166 2926 1287 2993; x_wconf 84' lang='lat' dir='ltr'><strong>habuit.</strong></span> 
     </span>
     <span class='ocr_line' id='line_1_27' title="bbox 339 3023 1347 3108; baseline -0.006 -18"><span class='ocrx_word' id='word_1_209' title='bbox 339 3023 468 3090; x_wconf 86' lang='lat' dir='ltr'>XXV.</span> <span class='ocrx_word' id='word_1_210' title='bbox 496 3023 661 3090; x_wconf 84' lang='lat' dir='ltr'><strong>Eumenes</strong></span> <span class='ocrx_word' id='word_1_211' title='bbox 682 3046 787 3108; x_wconf 89' lang='lat' dir='ltr'><strong>neque</strong></span> <span class='ocrx_word' id='word_1_212' title='bbox 810 3025 891 3089; x_wconf 89' lang='lat' dir='ltr'><strong>favit</strong></span> <span class='ocrx_word' id='word_1_213' title='bbox 912 3024 1064 3090; x_wconf 85' lang='lat' dir='ltr'><strong>victoriae</strong></span> <span class='ocrx_word' id='word_1_214' title='bbox 1080 3023 1193 3089; x_wconf 89' lang='lat' dir='ltr'><strong>Persei</strong></span> <span class='ocrx_word' id='word_1_215' title='bbox 1209 3038 1347 3107; x_wconf 87' lang='lat' dir='ltr'><strong>nequer</strong></span> 
     </span>
     <span class='ocr_line' id='line_1_28' title="bbox 285 3115 1315 3205; baseline -0.006 -17"><span class='ocrx_word' id='word_1_216' title='bbox 285 3117 365 3188; x_wconf 83' lang='lat' dir='ltr'><strong>hello</strong></span> <span class='ocrx_word' id='word_1_217' title='bbox 387 3141 466 3184; x_wconf 90' lang='lat' dir='ltr'><strong>eum</strong></span> <span class='ocrx_word' id='word_1_218' title='bbox 481 3118 592 3184; x_wconf 87' lang='lat' dir='ltr'><strong>iuvare</strong></span> <span class='ocrx_word' id='word_1_219' title='bbox 610 3117 635 3205; x_wconf 77' lang='lat'><strong>[⁸</strong></span> <span class='ocrx_word' id='word_1_220' title='bbox 659 3115 673 3203; x_wconf 91' lang='lat'>]</span> <span class='ocrx_word' id='word_1_221' title='bbox 693 3119 799 3183; x_wconf 89' lang='lat' dir='ltr'><strong>animo</strong></span> <span class='ocrx_word' id='word_1_222' title='bbox 816 3119 939 3196; x_wconf 83' lang='lat' dir='ltr'><strong>habuit,</strong></span> <span class='ocrx_word' id='word_1_223' title='bbox 957 3140 1022 3183; x_wconf 91' lang='lat' dir='ltr'><strong>non</strong></span> <span class='ocrx_word' id='word_1_224' title='bbox 1038 3131 1105 3183; x_wconf 88' lang='lat' dir='ltr'><strong>tam</strong></span> <span class='ocrx_word' id='word_1_225' title='bbox 1118 3118 1193 3201; x_wconf 89' lang='lat' dir='ltr'><strong>quia</strong></span> <span class='ocrx_word' id='word_1_226' title='bbox 1209 3129 1315 3201; x_wconf 84' lang='lat' dir='ltr'><strong>pater-</strong></span> 
     </span>
     <span class='ocr_line' id='line_1_29' title="bbox 285 3211 1316 3299; baseline -0.006 -17"><span class='ocrx_word' id='word_1_227' title='bbox 285 3233 338 3282; x_wconf 79' lang='lat' dir='ltr'><strong>uae</strong></span> <span class='ocrx_word' id='word_1_228' title='bbox 357 3215 450 3280; x_wconf 90' lang='lat' dir='ltr'><strong>inter</strong></span> <span class='ocrx_word' id='word_1_229' title='bbox 468 3234 523 3278; x_wconf 90' lang='lat' dir='ltr'><strong>eos</strong></span> <span class='ocrx_word' id='word_1_230' title='bbox 541 3213 725 3279; x_wconf 86' lang='lat' dir='ltr'><strong>inimicitiae</strong></span> <span class='ocrx_word' id='word_1_231' title='bbox 743 3224 833 3279; x_wconf 90' lang='lat' dir='ltr'><strong>erant</strong></span> <span class='ocrx_word' id='word_1_232' title='bbox 849 3214 991 3299; x_wconf 84' lang='lat' dir='ltr'><strong>ipsorum</strong></span> <span class='ocrx_word' id='word_1_233' title='bbox 1009 3211 1089 3277; x_wconf 89' lang='lat' dir='ltr'><strong>odiis</strong></span> <span class='ocrx_word' id='word_1_234' title='bbox 1111 3211 1194 3277; x_wconf 86' lang='lat' dir='ltr'><strong>inter</strong></span> <span class='ocrx_word' id='word_1_235' title='bbox 1211 3233 1245 3275; x_wconf 89' lang='lat' dir='ltr'><strong>se</strong></span> <span class='ocrx_word' id='word_1_236' title='bbox 1263 3232 1316 3276; x_wconf 89' lang='lat' dir='ltr'><strong>ac-</strong></span> 
     </span>
     <span class='ocr_line' id='line_1_30' title="bbox 285 3303 1350 3396; baseline -0.009 -20"><span class='ocrx_word' id='word_1_237' title='bbox 285 3329 410 3376; x_wconf 79' lang='lat' dir='ltr'><strong>censae.</strong></span> <span class='ocrx_word' id='word_1_238' title='bbox 440 3328 505 3372; x_wconf 93' lang='lat' dir='ltr'><strong>non</strong></span> <span class='ocrx_word' id='word_1_239' title='bbox 524 3329 561 3373; x_wconf 88' lang='lat' dir='ltr'><strong>ea</strong></span> <span class='ocrx_word' id='word_1_240' title='bbox 579 3330 692 3396; x_wconf 86' lang='lat' dir='ltr'><strong>regum</strong></span> <span class='ocrx_word' id='word_1_241' title='bbox 710 3309 891 3385; x_wconf 87' lang='lat' dir='ltr'><strong>aemulatio,</strong></span> <span class='ocrx_word' id='word_1_242' title='bbox 909 3319 946 3372; x_wconf 93' lang='lat' dir='ltr'><strong>ut</strong></span> <span class='ocrx_word' id='word_1_243' title='bbox 960 3327 1062 3389; x_wconf 88' lang='lat' dir='ltr'><strong>aequo</strong></span> <span class='ocrx_word' id='word_1_244' title='bbox 1076 3304 1181 3370; x_wconf 89' lang='lat' dir='ltr'><strong>animo</strong></span> <span class='ocrx_word' id='word_1_245' title='bbox 1194 3303 1316 3370; x_wconf 91' lang='lat' dir='ltr'><strong>Persea</strong></span> <span class='ocrx_word' id='word_1_246' title='bbox 1335 3319 1350 3366; x_wconf 83' lang='grc'><strong>1</strong></span> 
     </span>
     <span class='ocr_line' id='line_1_31' title="bbox 287 3399 1316 3489; baseline -0.008 -17"><span class='ocrx_word' id='word_1_247' title='bbox 287 3413 392 3472; x_wconf 79' lang='lat' dir='ltr'><strong>antas</strong></span> <span class='ocrx_word' id='word_1_248' title='bbox 415 3402 517 3488; x_wconf 90' lang='lat' dir='ltr'><strong>apisci</strong></span> <span class='ocrx_word' id='word_1_249' title='bbox 540 3425 616 3489; x_wconf 88' lang='lat' dir='ltr'><strong>opes</strong></span> <span class='ocrx_word' id='word_1_250' title='bbox 638 3414 824 3487; x_wconf 83' lang='lat' dir='ltr'><strong>tantamque</strong></span> <span class='ocrx_word' id='word_1_251' title='bbox 844 3402 994 3489; x_wconf 85' lang='lat' dir='ltr'><strong>gloriam,</strong></span> <span class='ocrx_word' id='word_1_252' title='bbox 1021 3411 1141 3483; x_wconf 85' lang='lat' dir='ltr'><strong>quanta</strong></span> <span class='ocrx_word' id='word_1_253' title='bbox 1163 3399 1316 3465; x_wconf 84' lang='lat' dir='ltr'><strong>Romanis</strong></span> 
     </span>
     <span class='ocr_line' id='line_1_32' title="bbox 288 3493 1350 3576; baseline -0.01 -10"><span class='ocrx_word' id='word_1_254' title='bbox 288 3499 378 3566; x_wconf 79' lang='lat' dir='ltr'><strong>vietis</strong></span> <span class='ocrx_word' id='word_1_255' title='bbox 397 3521 475 3563; x_wconf 92' lang='lat' dir='ltr'><strong>eum</strong></span> <span class='ocrx_word' id='word_1_256' title='bbox 493 3497 653 3576; x_wconf 89' lang='lat' dir='ltr'><strong>manebat,</strong></span> <span class='ocrx_word' id='word_1_257' title='bbox 668 3493 830 3564; x_wconf 81' lang='lat' dir='ltr'><strong>Eumenes</strong></span> <span class='ocrx_word' id='word_1_258' title='bbox 845 3498 971 3562; x_wconf 89' lang='lat' dir='ltr'><strong>visurus</strong></span> <span class='ocrx_word' id='word_1_259' title='bbox 989 3495 1094 3561; x_wconf 83' lang='lat' dir='ltr'><strong>fuerit.</strong></span> <span class='ocrx_word' id='word_1_260' title='bbox 1122 3494 1273 3560; x_wconf 86' lang='lat' dir='ltr'><strong>cernebat</strong></span> <span class='ocrx_word' id='word_1_261' title='bbox 1285 3507 1317 3562; x_wconf 92' lang='lat' dir='ltr'><strong>et</strong></span> <span class='ocrx_word' id='word_1_262' title='bbox 1335 3508 1350 3555; x_wconf 80' lang='grc'><strong>3</strong></span> 
     </span>
     <span class='ocr_line' id='line_1_33' title="bbox 290 3585 1317 3674; baseline -0.002 -18"><span class='ocrx_word' id='word_1_263' title='bbox 290 3585 410 3660; x_wconf 86' lang='lat' dir='ltr'><strong>Persea</strong></span> <span class='ocrx_word' id='word_1_264' title='bbox 436 3591 502 3655; x_wconf 91' lang='lat' dir='ltr'><strong>iam</strong></span> <span class='ocrx_word' id='word_1_265' title='bbox 524 3590 598 3658; x_wconf 91' lang='lat' dir='ltr'><strong>inde</strong></span> <span class='ocrx_word' id='word_1_266' title='bbox 620 3590 662 3656; x_wconf 91' lang='lat' dir='ltr'><strong>ab</strong></span> <span class='ocrx_word' id='word_1_267' title='bbox 683 3590 773 3656; x_wconf 89' lang='lat' dir='ltr'><strong>initio</strong></span> <span class='ocrx_word' id='word_1_268' title='bbox 796 3591 872 3657; x_wconf 89' lang='lat' dir='ltr'><strong>belli</strong></span> <span class='ocrx_word' id='word_1_269' title='bbox 890 3591 976 3655; x_wconf 91' lang='lat' dir='ltr'><strong>omni</strong></span> <span class='ocrx_word' id='word_1_270' title='bbox 996 3588 1092 3653; x_wconf 89' lang='lat' dir='ltr'><strong>modo</strong></span> <span class='ocrx_word' id='word_1_271' title='bbox 1117 3610 1207 3673; x_wconf 87' lang='lat' dir='ltr'><strong>spem</strong></span> <span class='ocrx_word' id='word_1_272' title='bbox 1228 3588 1317 3674; x_wconf 83' lang='lat' dir='ltr'><strong>pacis</strong></span> 
     </span>
     <span class='ocr_line' id='line_1_34' title="bbox 292 3685 1317 3774; baseline 0.003 -28"><span class='ocrx_word' id='word_1_273' title='bbox 292 3693 464 3774; x_wconf 83' lang='lat' dir='ltr'><strong>temptasse</strong></span> <span class='ocrx_word' id='word_1_274' title='bbox 473 3685 547 3750; x_wconf 89' lang='lat' dir='ltr'><strong>etin</strong></span> <span class='ocrx_word' id='word_1_275' title='bbox 557 3686 623 3751; x_wconf 90' lang='lat' dir='ltr'><strong>dies</strong></span> <span class='ocrx_word' id='word_1_276' title='bbox 632 3687 745 3773; x_wconf 84' lang='lat' dir='ltr'><strong>magis,</strong></span> <span class='ocrx_word' id='word_1_277' title='bbox 759 3709 824 3771; x_wconf 92' lang='lat' dir='ltr'><strong>quo</strong></span> <span class='ocrx_word' id='word_1_278' title='bbox 837 3688 967 3772; x_wconf 93' lang='lat' dir='ltr'><strong>propior</strong></span> <span class='ocrx_word' id='word_1_279' title='bbox 976 3685 1199 3750; x_wconf 89' lang='lat' dir='ltr'><strong>admoveretur</strong></span> <span class='ocrx_word' id='word_1_280' title='bbox 1207 3695 1317 3762; x_wconf 83' lang='lat' dir='ltr'><strong>terror,</strong></span> 
     </span>
     <span class='ocr_line' id='line_1_35' title="bbox 291 3781 1353 3867; baseline -0.008 -19"><span class='ocrx_word' id='word_1_281' title='bbox 291 3782 364 3848; x_wconf 83' lang='lat' dir='ltr'><strong>nihil</strong></span> <span class='ocrx_word' id='word_1_282' title='bbox 383 3801 492 3864; x_wconf 86' lang='lat' dir='ltr'><strong>neque</strong></span> <span class='ocrx_word' id='word_1_283' title='bbox 506 3803 601 3867; x_wconf 84' lang='lat' dir='ltr'><strong>agere</strong></span> <span class='ocrx_word' id='word_1_284' title='bbox 615 3781 702 3846; x_wconf 89' lang='lat' dir='ltr'><strong>aliud</strong></span> <span class='ocrx_word' id='word_1_285' title='bbox 715 3804 819 3866; x_wconf 90' lang='lat' dir='ltr'><strong>neque</strong></span> <span class='ocrx_word' id='word_1_286' title='bbox 834 3782 986 3867; x_wconf 85' lang='lat' dir='ltr'><strong>cogitare,</strong></span> <span class='ocrx_word' id='word_1_287' title='bbox 1004 3781 1167 3846; x_wconf 84' lang='lat' dir='ltr'><strong>Romanos</strong></span> <span class='ocrx_word' id='word_1_288' title='bbox 1180 3799 1318 3863; x_wconf 90' lang='lat' dir='ltr'><strong>quoque,</strong></span> <span class='ocrx_word' id='word_1_289' title='bbox 1336 3792 1353 3838; x_wconf 82' lang='lat'>4</span> 
     </span>
     <span class='ocr_line' id='line_1_36' title="bbox 293 3871 1319 3962; baseline -0.004 -20"><span class='ocrx_word' id='word_1_290' title='bbox 293 3877 363 3956; x_wconf 79' lang='lat' dir='ltr'><strong>quia</strong></span> <span class='ocrx_word' id='word_1_291' title='bbox 377 3875 560 3941; x_wconf 88' lang='lat' dir='ltr'><strong>traheretur</strong></span> <span class='ocrx_word' id='word_1_292' title='bbox 570 3871 688 3941; x_wconf 89' lang='lat' dir='ltr'><strong>diutius</strong></span> <span class='ocrx_word' id='word_1_293' title='bbox 702 3899 759 3962; x_wconf 91' lang='lat' dir='ltr'><strong>spe</strong></span> <span class='ocrx_word' id='word_1_294' title='bbox 773 3877 916 3962; x_wconf 91' lang='lat' dir='ltr'><strong>ipsorum</strong></span> <span class='ocrx_word' id='word_1_295' title='bbox 929 3874 1058 3953; x_wconf 91' lang='lat' dir='ltr'><strong>bellum,</strong></span> <span class='ocrx_word' id='word_1_296' title='bbox 1077 3885 1109 3941; x_wconf 91' lang='lat' dir='ltr'><strong>et</strong></span> <span class='ocrx_word' id='word_1_297' title='bbox 1120 3875 1207 3959; x_wconf 92' lang='lat' dir='ltr'><strong>ipsos</strong></span> <span class='ocrx_word' id='word_1_298' title='bbox 1221 3874 1319 3938; x_wconf 90' lang='lat' dir='ltr'><strong>duces</strong></span> 
     </span>
     <span class='ocr_line' id='line_1_37' title="bbox 292 3968 1319 4038; baseline -0.005 -4"><span class='ocrx_word' id='word_1_299' title='bbox 292 3982 317 4034; x_wconf 86' lang='lat' dir='ltr'><strong>et</strong></span> <span class='ocrx_word' id='word_1_300' title='bbox 334 3982 491 4038; x_wconf 88' lang='lat' dir='ltr'><strong>senatum</strong></span> <span class='ocrx_word' id='word_1_301' title='bbox 507 3990 572 4034; x_wconf 93' lang='lat' dir='ltr'><strong>non</strong></span> <span class='ocrx_word' id='word_1_302' title='bbox 591 3970 760 4037; x_wconf 87' lang='lat' dir='ltr'><strong>abhorrere</strong></span> <span class='ocrx_word' id='word_1_303' title='bbox 779 3993 798 4036; x_wconf 86' lang='lat' dir='ltr'><strong>a</strong></span> <span class='ocrx_word' id='word_1_304' title='bbox 815 3969 955 4036; x_wconf 90' lang='lat' dir='ltr'><strong>finiendo</strong></span> <span class='ocrx_word' id='word_1_305' title='bbox 973 3983 1040 4034; x_wconf 91' lang='lat' dir='ltr'><strong>tam</strong></span> <span class='ocrx_word' id='word_1_306' title='bbox 1061 3968 1263 4035; x_wconf 90' lang='lat' dir='ltr'><strong>incommodo</strong></span> <span class='ocrx_word' id='word_1_307' title='bbox 1282 3985 1319 4030; x_wconf 90' lang='lat' dir='ltr'><strong>ac</strong></span> 
     </span>
     <span class='ocr_line' id='line_1_38' title="bbox 291 4059 1350 4150; baseline -0.009 -18"><span class='ocrx_word' id='word_1_308' title='bbox 291 4059 413 4132; x_wconf 79' lang='lat' dir='ltr'><strong>difficili</strong></span> <span class='ocrx_word' id='word_1_309' title='bbox 435 4063 532 4129; x_wconf 78' lang='lat' dir='ltr'><strong>bello·</strong></span> <span class='ocrx_word' id='word_1_310' title='bbox 574 4063 635 4130; x_wconf 86' lang='lat' dir='ltr'><strong>hac</strong></span> <span class='ocrx_word' id='word_1_311' title='bbox 657 4065 822 4149; x_wconf 85' lang='lat' dir='ltr'><strong>utriusque</strong></span> <span class='ocrx_word' id='word_1_312' title='bbox 839 4065 938 4150; x_wconf 89' lang='lat' dir='ltr'><strong>partis</strong></span> <span class='ocrx_word' id='word_1_313' title='bbox 955 4064 1118 4129; x_wconf 87' lang='lat' dir='ltr'><strong>voluntate</strong></span> <span class='ocrx_word' id='word_1_314' title='bbox 1139 4061 1313 4147; x_wconf 88' lang='lat' dir='ltr'><strong>explorata,</strong></span> <span class='ocrx_word' id='word_1_315' title='bbox 1335 4071 1350 4117; x_wconf 87' lang='lat'><strong>5</strong></span> 
     </span>
     <span class='ocr_line' id='line_1_39' title="bbox 291 4152 1425 4247; baseline -0.013 -19"><span class='ocrx_word' id='word_1_316' title='bbox 291 4161 377 4242; x_wconf 80' lang='lat' dir='ltr'><strong>qnod</strong></span> <span class='ocrx_word' id='word_1_317' title='bbox 395 4157 468 4224; x_wconf 86' lang='lat' dir='ltr'><strong>lieri</strong></span> <span class='ocrx_word' id='word_1_318' title='bbox 485 4158 583 4224; x_wconf 90' lang='lat' dir='ltr'><strong>etiam</strong></span> <span class='ocrx_word' id='word_1_319' title='bbox 601 4181 660 4224; x_wconf 88' lang='lat' dir='ltr'><strong>sua</strong></span> <span class='ocrx_word' id='word_1_320' title='bbox 677 4171 789 4247; x_wconf 89' lang='lat' dir='ltr'><strong>sponte</strong></span> <span class='ocrx_word' id='word_1_321' title='bbox 807 4159 914 4226; x_wconf 86' lang='lat' dir='ltr'><strong>taedio</strong></span> <span class='ocrx_word' id='word_1_322' title='bbox 932 4158 1108 4234; x_wconf 86' lang='lat' dir='ltr'><strong>validioris,</strong></span> <span class='ocrx_word' id='word_1_323' title='bbox 1127 4166 1215 4220; x_wconf 88' lang='lat' dir='ltr'><strong>metu</strong></span> <span class='ocrx_word' id='word_1_324' title='bbox 1232 4152 1320 4217; x_wconf 88' lang='lat' dir='ltr'><strong>infir·</strong></span> <span class='ocrx_word' id='word_1_325' title='bbox 1423 4209 1425 4213; x_wconf 87' lang='lat'>.</span> 
     </span>
     <span class='ocr_line' id='line_1_40' title="bbox 289 4249 1320 4341; baseline -0.012 -16"><span class='ocrx_word' id='word_1_326' title='bbox 289 4256 399 4324; x_wconf 68' lang='lat' dir='ltr'><strong>aionis</strong></span> <span class='ocrx_word' id='word_1_327' title='bbox 418 4252 573 4320; x_wconf 84' lang='lat' dir='ltr'><strong>credebat</strong></span> <span class='ocrx_word' id='word_1_328' title='bbox 588 4275 692 4341; x_wconf 89' lang='lat' dir='ltr'><strong>posse,</strong></span> <span class='ocrx_word' id='word_1_329' title='bbox 710 4255 744 4320; x_wconf 93' lang='lat' dir='ltr'><strong>in</strong></span> <span class='ocrx_word' id='word_1_330' title='bbox 762 4277 800 4321; x_wconf 91' lang='lat' dir='ltr'><strong>eo</strong></span> <span class='ocrx_word' id='word_1_331' title='bbox 814 4278 905 4321; x_wconf 90' lang='lat' dir='ltr'><strong>suam</strong></span> <span class='ocrx_word' id='word_1_332' title='bbox 919 4276 1049 4341; x_wconf 88' lang='lat' dir='ltr'><strong>operam</strong></span> <span class='ocrx_word' id='word_1_333' title='bbox 1062 4249 1226 4316; x_wconf 88' lang='lat' dir='ltr'><strong>venditare</strong></span> <span class='ocrx_word' id='word_1_334' title='bbox 1244 4269 1320 4315; x_wconf 87' lang='lat' dir='ltr'><strong>oon-</strong></span> 
     </span>
    </p>
   </div>
   <div class='ocr_carea' id='block_1_3' title="bbox 336 4349 1444 4545">
    <p class='ocr_par' dir='ltr' id='par_1_3' title="bbox 336 4349 1444 4545">
     <span class='ocr_line' id='line_1_41' title="bbox 336 4349 1444 4545; baseline -0.006 -142"><span class='ocrx_word' id='word_1_335' title='bbox 336 4353 490 4403; x_wconf 67' lang='lat' dir='ltr'><strong>marrow.</strong></span> <span class='ocrx_word' id='word_1_336' title='bbox 1139 4349 1156 4404; x_wconf 87' lang='grc'>9</span> <span class='ocrx_word' id='word_1_337' title='bbox 1320 4405 1444 4545; x_wconf 69' lang='grc' dir='ltr'><strong><em>Γ</em></strong></span> 
     </span>
    </p>
   </div>
   <div class='ocr_carea' id='block_1_4' title="bbox 0 0 1691 5092">
    <p class='ocr_par' dir='ltr' id='par_1_4' title="bbox 0 0 1691 5092">
     <span class='ocr_line' id='line_1_42' title="bbox 0 0 1691 5092; baseline 0 0"><span class='ocrx_word' id='word_1_338' title='bbox 0 0 1691 5092; x_wconf 95' lang='lat' dir='ltr'><strong> </strong></span> 
     </span>
    </p>
   </div>
  </div>
 </body>
</html>
