3359 5092
488 529 606 585 araur
622 528 1073 601 xxxxrr,53.54.[a.c.1rr]
1251 515 1292 582 73

285 698 420 756 renerent
445 697 554 753 autem
579 686 621 751 ad
646 687 799 772 pecunias
829 709 888 772 pro
915 686 1120 753 facultatibus
1147 709 1327 773 quaequee

285 784 334 849 suis
351 793 383 849 et
399 781 597 848 frumentum
614 781 829 868 pollicendum
847 781 890 846 ad
901 781 1032 847 bellurn.
1054 783 1203 848 omnibus
1219 806 1293 869 gra·
1310 805 1327 853 4

285 879 332 944 dae
348 889 453 953 actae,
470 876 639 942 remissum
657 877 821 955 omnibus3
845 877 922 942 satis
939 878 1045 963 regios
1064 891 1234 965 apparatus
1252 877 1294 943 ad

285 994 314 1037 ca
332 972 452 1036 dictum
473 970 630 1036 sufficere.
674 970 822 1036 vehicula
843 981 966 1036 tantum
985 972 1155 1057 imperata,
1177 982 1214 1037 ut
1231 982 1295 1037 tor-

285 1077 376 1131 menta
396 1065 596 1148 telorumque
619 1064 786 1129 missilium
807 1065 973 1152 ingentem
990 1066 1056 1130 vim
1073 1078 1294 1152 praeparatam

285 1159 483 1244 bellicumque
500 1158 588 1223 aliud
603 1159 849 1227 instrumentum
867 1160 1028 1227 veherent.

335 1252 503 1319 Profectus
528 1252 604 1319 inde
625 1264 692 1320 toto
714 1253 872 1332 exercitu,
899 1253 1082 1320 Eordaeam
1104 1265 1231 1341 petens',
1253 1254 1328 1323 ado

286 1347 463 1434 Begorritim
489 1367 585 1430 quem
612 1359 728 1414 vocant
753 1349 860 1414 lacum
883 1349 994 1435 positis
1017 1351 1142 1427 castris,
1169 1360 1296 1435 postero

286 1440 327 1507 die
339 1442 372 1506 in
384 1440 544 1507 Elimeam
561 1441 825 1507 adHaliacmona
841 1442 975 1508 fluvium
992 1444 1156 1529 processit.
1182 1443 1296 1509 deinde
1315 1463 1329 1511 6

285 1535 355 1601 saltu
366 1546 502 1621 angusto
511 1536 668 1621 superatis
681 1537 854 1615 montibus,
868 1559 950 1622 quos
960 1535 1157 1603 Cambunios
1171 1548 1296 1615 vocant,

286 1627 434 1696 descendit
456 1628 498 1694 ad
519 1629 680 1707 Azorum,
706 1630 879 1717 Pythium,
906 1630 1066 1698 Dolichen
1082 1668 1127 1679 -
1141 1630 1298 1717 Tripolim

287 1734 386 1789 vocant
406 1723 591 1789 incolentes.
635 1724 715 1792 haec
737 1726 799 1790 tria
816 1725 935 1812 oppida
955 1726 1117 1813 paulisper
1138 1736 1296 1801 cunctata,
1317 1746 1330 1791 r

287 1816 349 1901 quia
371 1818 498 1883 obsides
516 1817 678 1885 Larisaeis
706 1819 873 1897 dederant,
902 1820 987 1885 victa
1009 1833 1117 1886 tamen
1137 1819 1297 1906 praesenti

287 1923 360 1976 netu
376 1913 410 1977 in
428 1912 621 1978 deditionem
638 1927 873 1980 concesserunt.
908 1914 1047 2001 benigne
1064 1915 1115 1979 bis
1132 1913 1298 2000 appellatis
1316 1933 1332 1982 8

288 2003 359 2071 baud
375 2006 492 2071 dubius
509 2006 710 2073 Perrhaebos
733 2029 862 2092 quoque
883 2008 969 2075 idem
988 2007 1160 2095 [facturos,
1178 2007 1221 2095 ..]
1245 2030 1299 2073 ur·

288 2097 357 2177 bem,
372 2100 452 2164 nihil
466 2102 624 2166 cunctatis
633 2102 689 2186 qui
701 2102 894 2180 incolebant,
911 2104 1014 2189 primo
1023 2103 1163 2169 adventu
1175 2100 1298 2188 recipit

288 2187 418 2278 Cyretias
441 2216 629 2282 oppugnare
652 2209 797 2274 coactus,
823 2196 927 2283 primo
950 2197 1046 2263 etiam
1069 2197 1121 2264 die
1139 2198 1206 2263 acri
1223 2215 1332 2263 oon-s

288 2307 366 2353 cusu
385 2289 426 2354 ad
443 2300 552 2374 portas
570 2302 766 2356 armatorum
783 2303 831 2356 est
844 2291 991 2377 repulsus
996 2315 1006 2369 ;
1024 2302 1151 2376 postero
1164 2290 1217 2356 die
1230 2312 1298 2355 om·

286 2382 365 2448 nibus
391 2384 490 2469 copiis
517 2384 647 2449 adortus
668 2386 702 2450 in
725 2385 919 2451 deditionem
942 2407 1053 2451 omnes
1076 2396 1150 2451 ante
1167 2395 1300 2468 ¹noctem

286 2480 403 2565 aceepit.

338 2574 449 2640 LIIII.
476 2574 605 2661 Mylae,
623 2575 805 2661 proximum
824 2574 993 2661 oppidum,
1010 2574 1057 2639 ita
1073 2574 1246 2649 munitum,
1264 2584 1301 2637 ut
1320 2593 1332 2638 1

285 2664 536 2755 inexsuperabilis
556 2670 746 2735 munimenti
761 2692 834 2755 spes
851 2669 972 2734 incolas
990 2669 1153 2734 ferocioris
1170 2668 1300 2744 faceret,

285 2781 339 2827 uon
362 2776 470 2849 portas
497 2764 646 2829 claudere
672 2764 741 2850 regi
764 2763 841 2828 satis
869 2762 1068 2840 babuerunt,
1094 2762 1152 2830 sed
1176 2762 1301 2849 probris

285 2875 400 2942 quoque
416 2858 451 2923 in
468 2858 576 2944 ipsum
585 2857 849 2942 Macedonasque
866 2857 1055 2944 procacibus
1072 2857 1202 2923 iaculati
1216 2867 1299 2922 sunt.

285 2971 355 3036 quae
372 2975 424 3018 res
442 2974 517 3018 cum
532 2952 729 3019 infestiorem
743 2953 869 3018 bostem
882 2952 924 3018 ad
937 2952 1190 3040 oppugnandum
1207 2951 1301 3017 fecis·
1318 2968 1334 3017 2

285 3058 337 3124 set,
353 3047 439 3133 ipsos
458 3047 678 3133 desperatione
696 3046 809 3114 veniae
826 3046 869 3112 ad
888 3047 1024 3112 tuendos
1042 3068 1113 3112 sese
1126 3045 1230 3111 acrius
1249 3067 1302 3109 ac·

285 3140 389 3206 cendit.
432 3141 541 3226 itaque
562 3162 620 3226 per
643 3140 785 3206 triduum
807 3140 992 3227 ingentibus
1010 3140 1170 3223 utrimque
1188 3138 1335 3204 animise

285 3247 310 3300 ct
332 3245 517 3322 oppugnata
542 3246 592 3300 est
614 3232 677 3321 [et]
705 3235 846 3301 defensa.
892 3234 1063 3299 multitudo
1085 3232 1303 3298 Macedonum

285 3330 319 3394 sd
333 3329 538 3396 subeundum
554 3329 592 3394 in·
606 3330 710 3396 vicem
727 3330 884 3417 proelium
896 3327 982 3393 haud
997 3327 1168 3393 difficulter
1186 3349 1302 3413 suppe-

285 3425 376 3503 tebat3
403 3424 581 3511 oppidanos
604 3424 704 3502 diem,
731 3436 859 3491 noctem
881 3423 1011 3489 eosdem
1033 3422 1151 3488 tuentis
1177 3422 1304 3487 moenia

285 3540 340 3584 non
356 3519 491 3585 vulnera
507 3518 618 3595 modo,
641 3519 699 3584 sed
720 3519 817 3585 etiam
835 3518 964 3604 vigiliae
982 3528 1014 3584 et
1031 3516 1196 3583 continens
1212 3517 1305 3582 labor

285 3614 474 3680 conficiebat.
510 3622 625 3698 quarto
643 3613 695 3680 die
713 3635 787 3678 cum
805 3623 838 3678 et
855 3614 960 3678 scalae
978 3612 1120 3697 undique
1137 3612 1178 3676 ad
1196 3634 1304 3676 muros
1322 3632 1338 3678 4

285 3709 474 3795 erigerentur
500 3717 533 3773 et
558 3718 651 3795 porta
676 3707 709 3772 vi
731 3707 850 3772 maiore
873 3717 1127 3794 oppugnaretur,
1154 3704 1306 3793 oppidani

285 3801 402 3888 depulsi
427 3802 527 3867 muris
555 3802 597 3867 ad
622 3813 748 3888 portam
769 3802 924 3867 tuendam
947 3811 1140 3867 concurrunt
1166 3799 1305 3886 eruptio-

285 3916 415 3981 nemque
445 3896 647 3982 repentinam
676 3896 711 3962 in
735 3896 836 3962 hostis
863 3895 999 3972 faciunt3
1029 3917 1113 3980 quae
1140 3916 1213 3960 cum
1238 3895 1338 3960 iraet

288 3992 380 4076 magis
392 3991 592 4057 inconsultae
605 4013 702 4075 quam
716 4013 812 4057 verae
822 3990 959 4056 fiduciae
972 3989 1087 4054 virium
1101 3999 1194 4065 esset,
1211 3987 1307 4072 pauci

293 4095 320 4146 et
336 4086 409 4152 fessi
430 4086 473 4152 ab
495 4086 628 4172 integris
651 4086 736 4172 pulsi
758 4098 850 4172 terga
873 4081 1061 4171 [dederunt]
1083 4082 1306 4168 fugientesque

295 4194 341 4257 per
355 4190 517 4266 patentem
539 4191 665 4266 portam
686 4181 794 4246 hostes
812 4190 1013 4265 acceperunt.
1056 4179 1102 4243 ita
1119 4187 1213 4261 capta
1229 4176 1306 4241 urbs
1325 4196 1339 4244 t

301 4290 330 4333 ω
347 4274 464 4364 direpta
485 4286 545 4342 est.
588 4275 689 4342 libera
715 4295 843 4360 quoque
870 4295 1019 4360 corpora,
1045 4293 1129 4356 quae
1155 4270 1306 4336 caedibus

1330 4451 1424 4545 Ι·
