3359 5092
355 511 419 580 190
564 521 683 580 LIBER
698 518 854 590 XXXXV,
873 519 916 574 39.
929 518 973 574 40.
990 522 1102 585 [aue.
1112 517 1179 588 587]

304 708 336 756 13
354 685 515 771 triumpho
544 681 677 758 dicavit,
708 678 786 744 alias
814 677 876 743 alio
899 677 1035 742 ducente
1060 676 1265 742 mactabitis?
1291 676 1380 761 quid?

353 781 423 846 illas
447 779 557 866 epulas
581 785 724 851 senatus,
752 794 835 856 quae
858 793 917 837 nec
939 771 1063 857 privato
1085 772 1156 837 loco
1174 794 1235 837 nec
1258 771 1378 857 publico

353 874 498 961 profano,
517 869 624 936 sedin
642 866 801 952 Capitolio
820 868 1127 932 eduntur—utrum
1144 866 1312 931 hominum
1329 887 1377 930 vo

354 968 486 1055 luptatis
504 988 601 1031 causa
614 987 657 1028 an
669 964 802 1028 deorum
819 960 1262 1045 bominumquel-auctore
1273 959 1374 1027 Servio

305 1084 337 1134 14
356 1061 464 1129 Galba
476 1057 635 1128 turbaturi
653 1056 750 1122 estis?
771 1055 812 1120 L.
823 1054 920 1120 Pauli
933 1054 1093 1139 triumpho
1109 1065 1221 1141 portae
1236 1055 1374 1120 clauden-

354 1158 425 1223 tur?
451 1180 508 1222 rex
524 1153 742 1219 Macedonum
759 1151 900 1216 Perseus
923 1172 997 1215 cum
1019 1150 1128 1216 liberis
1152 1161 1185 1216 et
1205 1150 1301 1215 turba
1322 1149 1373 1213 alia

355 1251 565 1338 captivorum,
584 1246 686 1333 spolia
694 1245 922 1321 Macedonum,
946 1241 1008 1330 [in]
1024 1244 1108 1309 circo
1116 1243 1278 1309 Flaminio
1291 1243 1371 1308 relin-

355 1344 512 1430 quentur?
541 1342 583 1406 L.
601 1341 724 1406 Paulus
742 1339 902 1425 privatus,
928 1349 1092 1422 tamquam
1110 1362 1184 1403 rure
1202 1338 1338 1411 rediens,
1356 1359 1371 1399 a

305 1462 336 1508 15
354 1450 446 1525 porta
463 1437 595 1503 domum
611 1434 690 1499 ibit?
717 1444 749 1499 et
765 1444 815 1509 tu,
835 1432 991 1509 centurio,
1010 1433 1112 1511 miles,
1130 1432 1250 1516 quibus
1268 1432 1308 1497 ab
1324 1431 1371 1495 im·

354 1545 500 1621 peratore
526 1531 631 1597 Paulo
661 1528 813 1615 do[natus
846 1528 889 1593 sis
916 1528 1023 1605 donis,
1056 1549 1137 1612 quos
1163 1528 1222 1591 tibi
1249 1527 1370 1591 honora

355 1626 501 1714 se]natus
534 1624 671 1691 decrerit
705 1622 812 1709 potius
843 1644 939 1706 quam
975 1619 1089 1708 [quid]
1118 1619 1252 1687 Servius
1278 1619 1372 1686 Galba

354 1722 530 1798 fabuletur,
555 1718 639 1784 audi.
699 1728 731 1782 et
762 1717 823 1782 hoc
846 1717 971 1782 adicere
1000 1714 1069 1803 [me
1095 1714 1221 1801 decetz]
1247 1738 1298 1782 me
1326 1736 1372 1800 pc

306 1835 336 1883 16
356 1816 419 1881 tius
436 1836 533 1899 quam
556 1813 646 1879 illum
665 1812 750 1877 audi.
793 1811 847 1879 ille
872 1810 951 1875 nibil
972 1821 1196 1896 praeterquam
1223 1809 1324 1894 loqui,
1339 1819 1372 1888 ‚et

355 1911 462 1995 ipsum
483 1907 517 1973 id
534 1906 690 1972 maledice
705 1927 743 1971 ac
760 1906 912 1991 maligne,
931 1905 1051 1983 didicit,
1070 1927 1131 1992 ego
1149 1917 1198 1971 ter
1216 1916 1249 1970 et
1267 1904 1371 1969 viciens

356 2026 430 2068 cum
447 2002 538 2067 hoste
555 2011 727 2086 provocato
748 2000 892 2086 pugnavi
897 2025 906 2077 3
934 2023 975 2066 ex
992 1999 1154 2077 omnibus,
1177 2022 1253 2065 oum
1270 1999 1372 2084 quibus

356 2119 487 2161 manum
505 2094 664 2171 conserui,
691 2094 793 2180 spolia
810 2094 932 2171 rettuli,
959 2093 1084 2180 insigne
1102 2117 1221 2180 corpus
1245 2091 1371 2160 honestis

357 2190 570 2266 cicatricibus,
596 2188 745 2253 omnibus
767 2186 901 2254 adverso
920 2210 1051 2274 corpore
1075 2188 1234 2275 exceptis,
1262 2185 1372 2253 babeo’

307 2306 338 2354 11
357 2285 495 2350 nudasse
514 2283 629 2349 deinde
652 2305 687 2348 se
709 2282 825 2347 dicitur
843 2293 875 2347 et
897 2304 961 2367 quo
985 2304 1131 2367 quaeque
1152 2283 1239 2349 bello
1258 2283 1373 2348 volnera

356 2390 488 2467 accepta
510 2390 616 2446 essent
637 2377 807 2444 rettulisse.
851 2399 934 2462 quae
957 2378 1035 2442 dum
1052 2388 1203 2453 ostentat,
1227 2375 1372 2464 adapertis
1394 2423 1406 2434 .

356 2476 438 2541 forte
448 2496 531 2559 quae
545 2474 682 2539 velanda
696 2483 795 2549 erant,
814 2482 921 2537 tumor
934 2472 1106 2558 inguinum
1118 2473 1274 2559 proximis
1287 2473 1373 2537 risum
1404 2479 1406 2484 '

307 2589 338 2638 18
355 2570 466 2635 movit.
510 2581 579 2635 tum
601 2568 676 2634 ‘hoc
699 2588 827 2651 quoque
849 2567 937 2651 quod
960 2565 1083 2632 ridetis'
1105 2566 1209 2651 inquit
1233 2568 1282 2632 ‘in
1303 2585 1372 2651 equo
1405 2565 1406 2572 ’

357 2665 425 2730 dies
450 2674 623 2748 noctesque
649 2661 848 2748 persedendo
876 2660 994 2739 habeo,
1021 2683 1081 2726 nec
1107 2662 1212 2747 magis
1239 2685 1292 2728 me
1317 2661 1372 2726 eius
1402 2733 1407 2756 ³

355 2780 455 2843 quam
472 2757 653 2824 cicatricum
671 2757 787 2821 harum
799 2756 900 2842 pudet
917 2756 1131 2841 poenitetque,
1149 2757 1281 2839 quando
1294 2777 1373 2820 num·
1405 2777 1406 2784 ¹

357 2875 454 2936 quam
467 2852 547 2917 mihi
559 2851 785 2937 impedimento
800 2851 839 2916 ad
854 2874 922 2916 rem
939 2851 1103 2937 publicam
1116 2851 1199 2917 bene
1212 2851 1372 2937 gerendam
1402 2851 1407 2900 ἵ

308 2964 339 3012 19
358 2946 445 3011 domi
461 2945 657 3030 militiaeque
674 2945 745 3011 fuit.
773 2968 833 3032 ego
852 2946 914 3011 boc
930 2945 1015 3011 ferro
1034 2968 1129 3031 saepe
1148 2958 1302 3012 vexatum
1318 2966 1372 3011 cor·
1403 2947 1407 2964 ⁴

357 3063 419 3126 pus
436 3051 529 3105 vetus
547 3039 637 3105 miles
660 3039 918 3107 adulescentibus
941 3040 1094 3107 militibus
1113 3041 1254 3118 ostendi,
1282 3038 1372 3108 Galba
1403 3053 1405 3060 '

307 3152 341 3201 20
359 3135 463 3201 nitens
481 3145 513 3199 et
530 3135 690 3221 integrum
707 3133 857 3202 denudet.
884 3145 1042 3212 revocate,
1061 3135 1240 3214 sividetur,
1259 3131 1372 3208 tribuni,
1404 3165 1406 3170 ·

358 3230 400 3296 ad
417 3228 607 3315 suffragium
624 3230 739 3308 tribus;
759 3252 820 3317 ego
838 3230 881 3295 ad
898 3251 966 3307 vos,
983 3229 1110 3308 milites,
1131 3228 1154 3315 [.
1166 3279 1174 3295 .
1186 3279 1194 3295 .
1206 3230 1230 3317 .]

324 3342 338 3390 1
422 3322 580 3388 XXXX
610 3323 808 3411 [Sum]mam
830 3324 937 3390 omnis
960 3324 1076 3410 captivi
1104 3325 1174 3389 auri
1201 3326 1372 3413 argentique

357 3417 500 3482 translati
529 3414 736 3505 [sestertidm]
765 3419 890 3484 miliens
920 3419 1084 3485 ducenties
1110 3419 1210 3485 fuisse
1238 3419 1371 3489 Valerius

357 3510 474 3576 Antias
492 3511 589 3576 tradit
594 3537 603 3590 ;
622 3535 686 3597 qua
703 3513 782 3578 haut
799 3514 896 3579 dubie
911 3514 1013 3579 maior
1026 3514 1190 3598 aliquanto
1205 3537 1329 3581 summa
1343 3533 1372 3578 ex

357 3626 491 3670 numero
508 3604 722 3690 plaustrorum
743 3608 1004 3693 ponderibusque
1016 3609 1095 3686 auri,
1110 3610 1237 3696 argenti
1255 3629 1371 3697 genera·

325 3719 340 3766 2
358 3699 416 3763 tim
433 3698 562 3785 abipso
581 3701 705 3787 scriptis
723 3702 869 3768 efficitur.
897 3704 1033 3768 alterum
1051 3714 1177 3769 tantum
1195 3706 1303 3770 autin
1319 3699 1372 3768 bel·

358 3795 425 3858 lum
434 3815 626 3880 proxumum
636 3796 841 3882 absumptum
851 3809 907 3863 aut
919 3799 953 3863 in
967 3798 1057 3884 fuga,
1071 3819 1146 3863 cum
1155 3797 1372 3866 Samothracen

357 3901 501 3977 peteret,
529 3890 717 3977 dissipatum
743 3893 887 3971 tradunt3
920 3915 1021 3977 eoque
1046 3892 1081 3957 id
1106 3893 1287 3960 mirabilius
1311 3899 1372 3964 cml,

358 3985 446 4068 quod
468 3994 593 4051 tantum
616 3986 769 4071 pecuniae
791 3987 877 4053 intra
898 3987 1029 4074 triginta
1050 4011 1150 4053 annos
1174 4000 1249 4074 post
1270 3988 1373 4055 bellum

357 4078 500 4165 Philippi
517 4102 591 4146 cum
599 4081 753 4147 Romanis
770 4082 886 4167 partim
901 4104 942 4148 ex
958 4082 1066 4148 fructu
1083 4084 1296 4159 metallorum,
1313 4099 1372 4168 pm
1402 4117 1407 4146 i

325 4172 464 4238 atimex
479 4175 694 4262 vectigalibus
703 4175 773 4240 aliis
783 4187 1005 4243 coacervatum
1017 4177 1133 4243 fuerat.
1159 4178 1270 4264 itaque
1279 4178 1373 4244 admo·
1404 4173 1407 4196 '

359 4267 436 4331 dum
451 4267 544 4355 inops
561 4270 718 4357 pecuniae
732 4270 916 4358 Philippus,
933 4272 1073 4340 Perseus
1091 4285 1204 4341 contra
1221 4271 1372 4360 praeditet
