3359 5092
354 557 418 626 102
550 568 669 626 LIBER
684 565 860 637 XXXXIII,
879 567 920 621 17.
936 566 977 620 18.
998 567 1036 633 [a.
1045 582 1073 619 u.
1083 581 1107 619 c.
1118 563 1182 634 585]

353 741 390 795 ut
407 726 565 816 praesidia
585 727 619 792 in
642 726 738 791 urbes
763 748 837 790 snas
858 723 1085 788 inducerentur
1102 722 1257 788 adversus
1275 745 1373 789 amen·

320 848 336 897 8
354 823 432 890 tiam
450 844 574 897 eorum,
602 821 658 906 qui
675 820 716 885 ad
734 818 932 886 Macedonas
949 827 1079 904 gentem
1101 816 1287 894 trahebant3
1307 839 1372 905 pars

354 940 517 994 recusare,
534 940 589 994 ne,
607 915 694 999 qnod
711 913 795 979 bello
814 913 914 999 captis
932 924 963 978 et
981 912 1125 977 hostibus
1141 934 1211 977 mos
1230 925 1327 990 esset,
1346 913 1374 977 id

321 1023 486 1100 opacatae
505 1021 537 1076 et
560 1010 664 1076 sociae
683 1009 826 1074 civitates
848 1007 1042 1094 ignominiae
1065 1007 1258 1095 acciperent
1301 1008 1375 1072 insta

354 1107 535 1195 deprecatio
553 1105 633 1170 haec
647 1104 725 1168 visa.
752 1102 903 1167 Larisam
916 1103 957 1167 ad
966 1102 1141 1167 Hostilium
1159 1105 1374 1189 proconsulem

304 1223 335 1272 ιο
353 1202 452 1265 -ab
470 1224 508 1266 eo
526 1200 612 1266 enim
628 1198 717 1263 missi
736 1208 825 1263 erant
838 1197 988 1284 -legati
1005 1197 1179 1263 redierunt.
1207 1196 1373 1263 Octavium

353 1296 483 1362 retinuit
506 1317 630 1369 secum,
657 1293 832 1382 Popillium
856 1314 929 1357 cum
952 1291 1157 1357 milleforme
1179 1292 1374 1358 militibnsin

353 1390 486 1456 hiberna
503 1387 713 1454 Ambraciam
729 1387 825 1451 misit.

321 1505 334 1552 1
416 1483 550 1550 XVIII.
577 1481 716 1548 Perseus
732 1480 890 1568 principio
908 1479 1022 1546 hiemis
1041 1481 1151 1567 egredi
1168 1480 1373 1548 Macedoniae

352 1578 469 1644 finibus
479 1600 543 1643 non
558 1600 665 1654 ausus,
683 1598 800 1661 nequa
813 1576 847 1640 in
861 1597 999 1662 regnum
1014 1597 1151 1640 vacuum
1167 1576 1373 1663 inrumperent

352 1673 506 1750 Romani,
537 1672 598 1737 sub
625 1684 750 1758 tempus
775 1671 923 1747 brumae,
950 1691 1025 1735 cum
1050 1670 1316 1757 inexsuperabilis
1340 1671 1373 1737 ab

321 1785 335 1833 2
354 1765 521 1834 Thessalia
530 1779 653 1832 montes
666 1765 749 1832 nivis
764 1766 899 1831 altitudo
908 1764 996 1843 facit,
1006 1766 1206 1831 occasionem
1216 1790 1288 1834 esse
1296 1779 1372 1833 ratos

353 1862 523 1949 frangendi
544 1863 751 1928 finitimorum
775 1883 847 1947 spes
871 1860 1073 1946 animosque,
1098 1884 1139 1926 ne
1166 1862 1246 1946 quid
1274 1881 1373 1929 averso

353 1981 387 2024 se
401 1957 435 2021 in
444 1958 625 2022 Romanum
638 1956 759 2022 bellum
772 1955 906 2041 periculi
920 1956 961 2020 ab
976 1958 1003 2021 is
1018 1967 1111 2034 esset,
1130 1978 1204 2021 cnm
1218 1981 1239 2023 a
1248 1958 1373 2025 Threcia

352 2074 464 2137 pacem
481 2047 593 2136 Cotys,
611 2050 652 2115 ab
666 2049 766 2137 Epiro
777 2047 942 2136 Cephalus
960 2052 1126 2136 repentina
1143 2052 1324 2119 defectione
1339 2053 1373 2118 ab

353 2146 507 2212 Romanis
521 2157 728 2232 praestarent,
746 2145 919 2210 Dardanos
933 2168 1044 2211 recens
1058 2146 1235 2213 domuisset
1255 2150 1372 2226 bellum,

318 2256 334 2304 3
353 2239 456 2306 solnm
478 2241 630 2306 infestum
649 2264 718 2306 esse
735 2239 949 2306 Macedoniae
966 2242 1065 2319 latus,
1087 2244 1175 2326 quod
1194 2245 1237 2308 ab
1256 2243 1373 2332 illyrico
1403 2323 1405 2328 Ι

351 2347 489 2423 pateret,
517 2359 663 2412 cernens,
690 2357 794 2419 neque
819 2334 899 2421 ipsis
921 2336 1036 2419 quietis
1060 2336 1178 2423 Illyriis
1202 2353 1235 2405 et
1264 2342 1372 2406 aditum
1402 2351 1406 2360 '

351 2432 577 2517 praebentibus
591 2430 756 2508 Romanis,
775 2431 803 2495 si
822 2431 997 2496 domuisset
1012 2432 1175 2517 proximos
1189 2433 1372 2520 Illyriorum,
1404 2485 1407 2494 .

353 2524 508 2594 Gentium
534 2548 661 2611 quoque
685 2548 796 2612 regem
817 2525 882 2590 iam
906 2526 960 2591 diu
985 2526 1119 2591 dubium
1140 2528 1176 2592 in
1198 2531 1371 2597 societatem
1402 2547 1407 2598 '2

350 2620 460 2707 perlici
478 2644 588 2707 posse,
607 2642 681 2687 cum
699 2621 810 2686 decem
827 2620 956 2686 milibus
976 2622 1134 2708 peditum,
1152 2644 1294 2707 quornm
1309 2649 1371 2714 pars
1401 2615 1407 2684 l

317 2730 334 2776 4
350 2714 554 2801 phalangitae
573 2727 673 2792 erant,
692 2726 723 2781 et
741 2716 867 2781 duobus
884 2716 1013 2782 milibus
1033 2718 1154 2783 levium
1172 2733 1371 2788 armorumet

318 2825 332 2871 5
352 2808 534 2895 quingentis
552 2808 713 2892 equitibus
730 2810 893 2896 profectus
908 2809 1081 2878 Stuberam
1097 2815 1197 2880 venit.
1224 2816 1301 2883 inde
1317 2818 1372 2882 fru-

350 2913 459 2967 mento
492 2904 691 2989 conplurium
724 2905 847 2971 dierum
882 2918 1009 2993 sumpto
1040 2907 1192 2993 iussoque
1229 2923 1371 2999 apparatu

352 2997 640 3085 oppugnandarum
657 2999 785 3066 urbium
803 3001 904 3086 sequi,
924 3002 1017 3068 tertio
1036 3002 1087 3069 die
1105 3005 1147 3069 ad
1159 3004 1327 3075 Uscanam
1338 3041 1370 3054 -

350 3093 563 3160 Penestianae
581 3106 683 3162 terrae
702 3119 741 3163 ea
758 3097 899 3162 maxima
920 3099 998 3163 nrbs
1017 3113 1065 3165 est
1082 3136 1125 3146 -
1142 3103 1253 3186 posuit
1272 3117 1370 3178 castrt,

318 3190 437 3276 6p1ius
456 3203 563 3257 tamen
580 3213 678 3276 quam
695 3192 761 3257 vim
784 3192 968 3259 admoveret
988 3194 1093 3260 missis
1111 3195 1168 3279 qui
1190 3207 1370 3286 temptarent

350 3307 436 3350 nunc
452 3286 687 3371 praefectorum
704 3288 859 3373 praesidi,
884 3311 970 3353 nunc
992 3288 1226 3375 oppidanorum
1252 3294 1369 3359 animos

351 3390 419 3443 erat
437 3390 543 3445 autem
557 3381 689 3446 ibicum
707 3383 871 3448 iuventute
880 3382 1063 3468 Illyriorum
1072 3385 1260 3453 Romanum
1278 3387 1370 3476 [prae-

317 3485 332 3533 7
351 3470 494 3559 sidium]
516 3486 687 3560 postquam
704 3476 783 3541 nihil
800 3477 907 3563 pacati
920 3476 1110 3556 referebant,
1130 3502 1320 3569 oppugnare
1332 3491 1368 3547 est

351 3565 481 3632 adortus
500 3579 533 3633 et
549 3590 667 3635 corona
685 3594 756 3637 eam
774 3593 888 3659 capere
907 3584 1039 3637 conatus
1058 3586 1116 3639 est.
1153 3596 1229 3641 cum
1248 3578 1316 3643 sine
1331 3576 1368 3639 in·

350 3661 549 3728 termissione
569 3663 708 3730 interdiu
725 3673 887 3750 noctuque
906 3666 960 3732 alii
978 3665 1048 3731 aliis
1065 3669 1293 3750 succedentes,
1310 3687 1369 3757 pan

350 3756 452 3822 scalas
470 3756 585 3836 muris,
611 3758 719 3845 ignem
742 3761 843 3847 portis
860 3761 1028 3839 inferrent,
1056 3763 1260 3833 sustinebant
1277 3779 1368 3832 nmen

315 3864 421 3917 seam
445 3862 666 3937 tempestatem
688 3867 942 3941 propugnatores
966 3856 1069 3935 urbis,
1097 3859 1174 3942 quia
1202 3882 1278 3947 spes
1304 3867 1368 3932 erat,

349 3968 454 4031 neque
472 3944 585 4012 hiemis
603 3947 668 4012 vim
686 3949 804 4016 diutius
822 3950 889 4037 pati
897 3951 1096 4018 Macedonas
1113 3952 1147 4017 in
1161 3965 1275 4040 aperto
1288 3971 1369 4041 posse

348 4063 408 4107 nec
435 4041 476 4106 ab
502 4041 650 4107 Romano
677 4043 760 4110 bello
787 4056 913 4111 tantum
937 4046 1008 4133 regi
1032 4048 1208 4114 laxamenti
1235 4050 1319 4126 fore,
1342 4056 1368 4111 nt

315 4151 330 4200 a
348 4148 454 4220 posset
472 4138 600 4203 morari.
646 4150 787 4206 ceterum
810 4153 981 4228 postquam
1003 4141 1113 4208 viueas
1136 4144 1191 4230 agi
1215 4158 1368 4228 turresque

350 4230 480 4296 excitari
496 4233 655 4313 viderunt,
673 4235 758 4301 victa
775 4237 950 4324 pertinacia
968 4249 1025 4303 est.
1061 4261 1137 4303 nam
1154 4252 1368 4326 praeterquam

348 4324 434 4406 quod
453 4327 605 4397 adversus
623 4332 689 4396 vim
706 4355 799 4418 pares
817 4356 882 4398 non
900 4343 999 4410 erant,
1016 4356 1058 4401 ne
1076 4333 1230 4401 frumenti
1248 4333 1367 4422 quidem
