3359 5092
356 561 380 626 4
580 570 697 626 LIBER
713 570 858 640 xxxxi,
876 571 953 626 Η.
974 573 1083 640 [auc.
1094 570 1157 640 576]

357 731 484 806 iubent,
503 729 742 795 centurionibus
759 729 928 813 imperant,
946 741 983 792 ut
1000 729 1162 813 graviores
1180 739 1285 794 aetate
1302 728 1373 793 mili·

358 837 406 892 tes
425 824 517 890 binos
534 824 569 888 in
586 845 625 889 ea
642 824 799 898 iumenta,
821 845 863 888 ex
887 822 1003 907 quibus
1022 844 1118 888 onera
1140 822 1265 888 deiecta
1285 835 1372 898 erant,

357 921 526 1007 inponant,
548 918 672 1002 equites
689 931 725 982 ut
747 918 893 1003 singulos
911 939 929 983 e
946 917 1116 982 iuvenibus
1134 917 1258 1002 pedites
1276 937 1370 984 secum

325 1039 338 1084 ι
356 1015 391 1080 iii
405 1035 504 1100 equos
517 1014 642 1078 tollant:
661 1013 824 1098 egregiam
841 1011 977 1097 gloriam
994 1011 1129 1098 legionis
1142 1012 1221 1089 fore,
1241 1013 1268 1078 si
1281 1023 1371 1078 casua

357 1125 445 1175 metu
463 1108 717 1175 secundanorum
734 1106 852 1171 amissa
869 1129 928 1171 sua
944 1107 1061 1172 virtute
1078 1106 1241 1193 recipiant.
1285 1121 1315 1173 et
1329 1127 1369 1170 re·

357 1202 419 1290 cipi
436 1203 530 1268 facile
548 1224 633 1278 esse,
657 1201 684 1265 si
701 1201 736 1265 in
751 1201 872 1286 praeda
889 1201 1037 1287 occupati
1059 1201 1186 1265 barbari
1203 1201 1308 1266 subito
1323 1200 1369 1265 ob·

322 1297 548 1383 aprimantur3
575 1295 658 1360 sicut
680 1294 836 1380 ceperint,
863 1316 957 1380 posse
980 1295 1062 1381 capi.
1105 1317 1231 1360 summa
1249 1295 1367 1360 militnm
1411 1349 1414 1354 .

356 1391 519 1458 alacritate
537 1390 716 1454 adhortatio
734 1389 844 1454 audita
860 1403 917 1454 est.
963 1389 1069 1454 ferunt
1088 1390 1176 1455 citati
1194 1390 1301 1477 signa,
1320 1409 1368 1454 nec

355 1485 525 1572 signiferos
543 1483 656 1549 armati
672 1494 847 1548 morantur.
874 1485 996 1569 priores
1013 1496 1120 1550 tamen
1134 1486 1246 1550 consul
1260 1484 1369 1571 copiae

355 1603 433 1665 que,
454 1600 538 1662 quae
556 1602 577 1643 a
593 1579 674 1643 mari
696 1578 947 1655 reducebantur,
970 1579 1012 1644 ad
1034 1580 1154 1643 vallum
1171 1589 1367 1646 accesserunt
1410 1611 1415 1635 .-

321 1697 336 1744 a
355 1675 397 1738 L.
408 1674 506 1738 Atius
524 1673 670 1738 tribunus
688 1673 810 1758 primus
823 1674 984 1739 secundae
1001 1674 1135 1759 legionis
1152 1695 1218 1739 non
1235 1673 1370 1739 hortaba·

307 1791 338 1840 10
356 1779 408 1833 tur
428 1769 524 1833 modo
546 1768 678 1844 milites,
701 1768 758 1834 sed
780 1768 917 1835 docebat
934 1770 1045 1845 etiam,
1068 1769 1094 1833 si
1116 1768 1253 1834 victores
1271 1766 1369 1843 Histri,

356 1863 473 1947 quibus
495 1863 592 1927 armis
614 1863 771 1948 cepissent
793 1876 913 1938 castra,
939 1863 1052 1928 iisdem
1076 1874 1170 1948 capta
1191 1863 1326 1929 retinere
1343 1862 1370 1925 in

356 1958 462 2022 animo
479 1946 643 2032 haberent,
660 1958 800 2043 primum
817 1973 951 2024 exutum
969 1958 1080 2022 casum
1097 1957 1222 2023 hostem
1236 1958 1279 2022 ad
1296 1977 1370 2022 maie

355 2063 579 2136 persecuturos
595 2051 705 2128 fuisse,
722 2051 839 2118 deinde
853 2051 1005 2117 stationes
1020 2065 1105 2117 certe
1122 2071 1180 2137 pro
1196 2052 1281 2116 vallo
1294 2051 1373 2116 habi-
1413 2093 1414 2124 2

355 2159 457 2210 turos:
476 2145 550 2210 vino
568 2167 743 2230 somnoque
760 2169 829 2213 veri
818 2147 948 2212 simile
967 2170 1036 2212 esse
1053 2168 1173 2212 mersos
1190 2147 1305 2213 iacere.

323 2265 335 2309 1
419 2241 500 2306 llll.
537 2239 608 2307 Sub
634 2241 713 2308 haec
738 2243 782 2306 A.
805 2243 1038 2307 Baeculonium
1065 2241 1252 2327 signiferum
1278 2263 1373 2315 snum,

321 2347 449 2404 anctae
471 2335 665 2401 fortitudinis
688 2337 808 2414 virum,
830 2337 948 2402 inferre
971 2338 1099 2423 signum
1118 2336 1221 2401 iussit.
1266 2337 1330 2413 ille,
1350 2335 1373 2399 si

355 2453 455 2496 unum
473 2453 508 2496 se
526 2443 743 2515 sequerentur,
761 2453 826 2516 quo
844 2431 977 2497 celerius
995 2432 1094 2507 fieret,
1112 2430 1275 2496 facturum
1291 2430 1372 2504 dixit,

356 2526 546 2610 conisusque
564 2548 637 2593 cum
661 2539 748 2591 trans
766 2527 887 2592 vallum
905 2527 1032 2613 signum
1049 2525 1238 2603 tiniecisset,
1262 2524 1373 2612 primus

322 2619 498 2688 somnium
524 2631 648 2705 portam
672 2621 812 2686 intravit.
858 2635 890 2687 et
915 2633 1004 2707 parte
1031 2620 1093 2684 alia
1116 2619 1155 2683 Τ.
1178 2633 1211 2683 et
1233 2616 1274 2684 C.
1296 2617 1373 2684 Aelii

358 2713 477 2777 tribuni
498 2714 634 2777 militum
655 2715 767 2780 tertiae
789 2716 923 2802 legionis
941 2737 1015 2779 cum
1033 2715 1175 2799 equitatu
1199 2714 1374 2780 adveniunt.

358 2806 526 2870 confestim
544 2819 575 2871 et
592 2828 673 2890 quos
691 2808 783 2874 binos
801 2810 946 2876 oneraria
962 2809 997 2874 iii
1018 2809 1159 2873 iumenta
1175 2808 1373 2895 inposuerant

321 2923 337 2968 ι
355 2901 457 2966 secuti
474 2911 506 2965 et
528 2903 639 2967 consul
661 2925 735 2968 cum
756 2918 823 2971 toto
840 2906 979 2992 agmine.
1024 2918 1058 2968 ιιι
1074 2904 1258 2968 Histrorum
1276 2901 1372 2989 paud,
1413 2919 1414 2924 ’

354 2995 410 3080 qui
431 2994 557 3061 modice
578 2997 682 3063 vinosi
703 3012 808 3074 erant,
834 3021 992 3066 memores
1019 2999 1145 3064 iiierant
1170 2997 1285 3083 fugae,
1311 2995 1371 3062 aliis

356 3111 467 3154 somno
494 3112 579 3156 mors
601 3093 785 3159 continuata
806 3107 870 3170 est,
896 3094 1083 3179 integraque
1105 3115 1164 3157 sua
1186 3092 1296 3158 omnia
1315 3091 1373 3157 Rc·

353 3185 455 3263 mani,
480 3191 866 3299 praeterquamquod
835 3191 902 3254 rmi
924 3190 1051 3273 orbique
1074 3189 1282 3272 absumptum
1302 3197 1370 3259 emb

321 3299 337 3344 5
354 3295 552 3366 receperunt.
596 3285 685 3370 aegri
706 3307 834 3395 quoque
857 3286 987 3361 milites,
1012 3284 1068 3367 qui
1089 3284 1123 3347 in
1146 3283 1257 3348 castiis
1280 3278 1370 3348 relicti

355 3373 495 3448 fuerant,
521 3391 691 3461 postquam
716 3380 800 3445 intra
825 3381 946 3444 sallum
972 3400 1046 3444 suos
1074 3393 1256 3454 senserunt,
1284 3374 1368 3442 armit

322 3484 337 3530 s
355 3468 488 3551 arreptis
506 3470 663 3535 caedem
653 3487 814 3558 mgentem
830 3475 985 3542 fecerunt.
1029 3491 1102 3539 ante
1119 3494 1229 3538 omnes
1247 3469 1368 3557 insignit

355 3580 452 3643 opera
469 3559 588 3626 fiiitC.
605 3563 735 3650 Popillii
751 3568 877 3652 equitis,
897 3568 1027 3635 Sabello
1045 3589 1223 3653 cognomen
1240 3583 1315 3632 erat.
1345 3563 1366 3626 is

323 3671 337 3715 ι
355 3652 438 3735 pede
455 3655 564 3719 saucio
581 3657 709 3723 relictus
726 3661 822 3748 longe
838 3664 994 3749 plurimos
1012 3663 1151 3727 hostium
1168 3661 1293 3726 occidit.
1333 3653 1365 3722 ad

356 3765 428 3810 octo
444 3748 532 3812 milia
548 3750 733 3818 Hunorum
751 3775 824 3822 sunt
843 3780 951 3834 mesa,
974 3773 1088 3843 captus
1106 3778 1214 3832 nemo,
1237 3754 1312 3839 quia
1327 3752 1367 3815 irs

355 3857 387 3904 et
404 3841 608 3928 indignatio'
598 3869 787 3917 inmemores
804 3853 943 3937 praedae
957 3852 1043 3917 fecit.
1065 3875 1122 3916 rex
1135 3851 1368 3916 tamenffinro

355 3957 426 3999 rum
451 3939 644 4006 temulentus
669 3967 711 4010 ex
737 3947 899 4024 convivio,
925 3948 1040 4033 raptim
1068 3970 1087 4011 a
1113 3945 1178 4010 suis
1204 3945 1238 4009 in
1260 3961 1368 4029 equum
1409 3983 1415 4036 ι

321 4027 525 4114 impositus,
551 4033 644 4119 fugit
692 4062 733 4104 ex
754 4042 928 4107 iictoribus
951 4042 1079 4107 ducenti
1105 4040 1236 4125 triginta
1258 4051 1370 4125 septem

355 4123 469 4188 milites
486 4128 663 4210 perierunt,
683 4134 823 4217 plures
813 4160 848 4200 m
864 4137 1020 4200 matutina
1037 4136 1116 4221 fuga
1134 4157 1231 4218 qnam
1248 4135 1283 4198 in
1299 4130 1372 4198 reci·

355 4215 477 4296 piendis
494 4222 616 4285 castris.

323 4323 337 4370 1
420 4309 462 4374 l.
486 4312 616 4382 Forte
605 4335 651 4381 ita
676 4322 798 4400 evenit,
823 4341 859 4388 ut
883 4322 944 4389 Cn.
968 4345 998 4390 et
1022 4325 1063 4389 L.
1087 4323 1218 4390 Gavillii
1240 4319 1374 4396 Novelli,

232 4469 335 4537 h
