3359 5092
519 527 638 583 amaa
653 527 842 601 xxxxnn,
860 531 925 585 aa.
944 530 1101 601 [acia]
1262 519 1324 585 109

308 707 424 770 qnoque
433 685 604 750 invehatur
615 683 754 750 hostium
766 685 923 751 litoribus.
950 702 1095 773 praetore
1110 689 1240 755 dimisso
1250 712 1326 755 con·
1343 713 1359 760 4

311 781 349 845 ul
364 790 565 844 menstruum
578 778 664 843 iusso
678 778 776 844 milite
791 803 901 846 secum
914 782 997 849 ferre
1016 782 1176 868 profectus
1191 784 1325 849 decumo

275 947 277 954 ¹
311 886 369 960 post
385 873 438 938 die
456 894 554 956 quam
572 875 745 939 exercitum
760 887 927 961 acceperat
940 888 1044 949 castra
1056 878 1166 956 movit,
1185 878 1324 944 etunius
1343 899 1358 947 5

275 977 277 1038 ζ
312 969 361 1035 diei
376 990 567 1055 progressus
583 969 645 1035 iter
662 970 843 1034 convocatis
860 970 1011 1035 itinerum
1025 971 1160 1037 ducibus
1178 995 1252 1037 eum
1270 995 1326 1039 ex-

275 1059 289 1154 '5
312 1063 466 1150 ponerein
484 1062 615 1128 consilio
637 1064 795 1141 iussisset,
819 1085 884 1148 qua
905 1065 1041 1150 quisque
1059 1065 1213 1131 ducturus
1231 1079 1325 1144 esset,

275 1167 287 1192 ⁸
313 1157 462 1222 summotis
479 1156 518 1221 iis
535 1178 633 1240 quam
651 1155 768 1243 [viam]
786 1159 988 1244 potissimum
1005 1171 1128 1246 peteret
1145 1162 1266 1225 rettulit
1283 1161 1325 1225 ad

275 1271 278 1336 ζ
314 1252 474 1317 consilium.
502 1251 571 1316 aliis
587 1274 646 1337 per
658 1251 813 1337 Pythium
830 1253 978 1339 placebat
995 1255 1057 1332 via,
1076 1256 1134 1320 alis
1151 1279 1209 1342 per
1228 1251 1325 1319 Cam·
1344 1271 1359 1319 6

275 1383 278 1422 ;
314 1345 411 1411 bunios
429 1358 563 1424 montes,
582 1368 646 1431 qua
662 1346 766 1432 priore
785 1370 869 1411 anno
885 1348 1020 1414 duxerat
1028 1350 1187 1415 Hostilius
1205 1351 1325 1428 consul,

314 1440 369 1505 aliis
389 1453 517 1527 praeter
537 1441 729 1506 Ascuridem
752 1443 914 1527 paludem.
963 1444 1105 1508 restabat
1126 1445 1326 1529 aliquantum
1344 1460 1358 1511 1

275 1573 277 1610 ;
314 1535 370 1602 viae
381 1534 573 1613 communis3
590 1536 700 1620 itaque
713 1536 747 1600 in
760 1536 795 1600 id
809 1547 945 1622 tempus,
964 1559 1028 1621 quo
1041 1560 1141 1623 prope
1155 1538 1326 1603 divortium

275 1689 278 1714 ζ
313 1628 446 1694 itinerum
464 1640 567 1693 castra
584 1629 718 1714 posituri
736 1639 839 1707 erant,
858 1631 1045 1697 deliberatio
1064 1632 1131 1697 eius
1150 1633 1196 1697 rei
1214 1633 1323 1698 differ·

313 1733 361 1787 tur.
402 1723 436 1788 in
453 1722 659 1789 Perraebiam
676 1724 751 1790 inde
769 1724 870 1801 ducit,
894 1736 927 1789 et
942 1724 1026 1792 inter
1042 1725 1187 1790 Azorum
1205 1737 1237 1791 et
1253 1726 1358 1796 Do·8

275 1855 278 1866 ·
312 1815 402 1883 beben
419 1817 534 1883 stativa
551 1817 663 1882 habuit
680 1818 722 1882 ad
740 1819 970 1883 consulendum
983 1843 1099 1884 rursus·
1112 1842 1209 1905 quam
1225 1821 1325 1906 potis-

312 1910 413 1977 simum
429 1923 610 1997 capesseret
626 1912 720 1977 viam.

361 2006 426 2070 Per
444 2005 573 2070 eosdem
590 2006 658 2071 dies
666 2005 816 2083 Perseus,
835 2029 912 2071 cum
925 2007 1180 2094 adpropinquare
1198 2007 1323 2073 hostem
1343 2030 1357 2077 9

310 2100 401 2177 sciret,
419 2099 507 2185 quod
522 2101 583 2164 iter
599 2100 756 2185 petiturus
774 2113 858 2166 esset
876 2102 1018 2188 ignarus,
1038 2102 1141 2167 omnis
1159 2103 1258 2167 saltus
1276 2102 1326 2167 in-

309 2191 400 2259 sidere
423 2194 589 2278 praesidiis
612 2194 731 2258 statuit.
774 2195 808 2259 in
829 2195 942 2281 iugum
961 2192 1216 2261 Cambuniorum
1232 2218 1323 2261 mon·
1342 2217 1375 2266 10

308 2288 616 2354 tium-Volustana
632 2289 694 2374 ipsi
711 2290 1000 2356 vocant—decem
1017 2291 1106 2355 milia
1122 2291 1202 2355 levis
1220 2313 1324 2355 arma-

307 2391 386 2449 turae
399 2384 551 2448 iuvenum
561 2405 635 2447 cum
645 2382 725 2448 duce
735 2383 966 2469 Asclepiodoto
974 2384 1085 2462 mittit3
1103 2385 1145 2448 ad
1159 2386 1324 2449 castellum
1343 2405 1374 2451 11

306 2478 383 2562 quod
401 2500 498 2563 super
515 2476 707 2543 Ascuridem
728 2478 880 2564 paludem
898 2490 966 2543 erat
981 2515 1026 2526 -
1042 2478 1210 2564 Lapathus
1229 2500 1325 2543 voca-

304 2583 351 2635 tur
364 2572 455 2636 locus
464 2571 654 2657 -Hippias
671 2583 779 2637 tenere
798 2573 915 2637 saltum
930 2594 1003 2637 cum
1017 2571 1186 2636 duodecim
1202 2572 1325 2635 milium

305 2665 514 2732 Macedonum
535 2666 693 2752 praesidio
714 2667 831 2733 iussus.
874 2667 944 2753 ipse
972 2689 1045 2731 eum
1071 2666 1199 2751 reliquis
1226 2667 1324 2752 copiis
1344 2687 1376 2735 12

304 2759 398 2845 primo
416 2762 502 2825 circa
519 2760 622 2825 Dium
639 2762 754 2826 stativa
771 2761 898 2839 habuit,
917 2761 1048 2837 deinde,
1067 2761 1147 2827 adeo
1164 2772 1201 2826 ut
1218 2761 1325 2825 obtor-

304 2856 404 2940 puisse
426 2856 521 2941 inops
544 2856 667 2921 consilii
688 2856 865 2933 videretur,
892 2878 967 2922 cum
990 2856 1151 2940 equitibus
1169 2855 1325 2942 expeditis

304 2949 387 3016 litore
404 2971 491 3015 nunc
508 2950 710 3029 Heracleam,
723 2972 809 3015 nunc
825 2949 955 3015 Philam
973 2951 1194 3036 percurrebat,
1213 2951 1325 3017 eodem

305 3041 372 3110 inde
389 3065 487 3109 cursu
504 3044 606 3109 Dium
623 3057 780 3130 repetens.

360 3140 425 3204 III.
452 3140 585 3205 Interim
608 3139 731 3205 consuli
754 3139 910 3205 sententia
932 3139 1017 3206 stetit
1036 3161 1074 3205 eo
1092 3141 1175 3204 saltu
1198 3138 1323 3215 ducere,
1345 3159 1358 3204 1

307 3233 354 3298 ubi
370 3246 501 3321 propter
510 3232 747 3319 Ortholophum
765 3234 903 3299 diximus
921 3234 1006 3319 regis
1024 3231 1162 3319 castra[.
1173 3280 1181 3297 .
1192 3229 1217 3318 .]
1232 3254 1324 3317 prae·
1342 3253 1357 3300 2

308 3329 380 3393 mitti
397 3341 505 3393 tamen
518 3339 668 3412 quattuor
684 3328 773 3393 milia
790 3339 986 3393 armatorum
1004 3328 1046 3393 ad
1062 3328 1133 3392 loca
1146 3338 1325 3412 opportuna

308 3424 562 3508 praeoccupanda
579 3422 713 3508 placuit3
732 3425 803 3507 quls
819 3423 994 3509 praepositi
1011 3433 1086 3487 sunt
1099 3421 1148 3486 M.
1159 3419 1324 3499 Claudius,

309 3514 496 3598 QMarcius
515 3518 653 3583 consulis
670 3517 765 3582 filius.
792 3517 961 3583 confestim
979 3528 1011 3583 et
1028 3517 1196 3582 universae
1214 3516 1324 3602 copiae
1343 3537 1358 3584 3

310 3611 524 3696 sequebantur.
573 3623 715 3677 ceterum
738 3612 818 3677 adeo
840 3612 942 3676 ardua
964 3622 996 3676 et
1017 3634 1131 3696 aspera
1148 3622 1180 3677 et
1201 3611 1327 3677 confra-

309 3725 378 3790 gosa
399 3703 485 3793 [via]
509 3706 585 3783 fuit,
612 3717 649 3770 ut
675 3706 841 3792 praemissi
864 3705 1004 3792 expediti
1025 3705 1123 3770 biduo
1145 3706 1327 3790 quindecim

308 3801 421 3867 milium
448 3803 579 3885 passum
601 3822 697 3886 aegre
722 3801 834 3867 itinere
861 3799 1007 3866 confecto
1034 3812 1138 3865 castra
1163 3800 1326 3885 posuerint

307 3895 577 3980 requieverintque
593 3899 612 3976 Τ
630 3895 754 3960 dierum
776 3917 873 3979 quem
896 3917 1009 3980 cepere
1031 3896 1137 3960 locum
1156 3896 1325 3981 appellant.

306 3989 373 4057 inde
380 3999 511 4077 postero
520 3989 571 4054 die
582 4000 704 4075 septem
712 3989 800 4054 milia
808 3990 979 4076 progressi,
989 3990 1112 4055 tumulo
1119 3990 1206 4054 haud
1215 3987 1326 4073 procul
1343 4007 1361 4054 4

304 4083 441 4151 hostium
463 4084 574 4149 castris
597 4096 705 4170 capto,
730 4085 879 4150 nuntium
901 4084 944 4149 ad
964 4085 1128 4150 consulem
1148 4083 1326 4149 remittunt:

302 4191 489 4266 perventum
516 4179 558 4243 ad
582 4178 707 4244 hostem
732 4202 818 4257 esse,
845 4179 915 4244 loco
942 4201 977 4245 se
1003 4190 1073 4244 tuto
1100 4189 1131 4243 et
1156 4176 1327 4241 adomnia

301 4287 483 4363 opportuno
502 4275 697 4353 consedisse,
719 4286 754 4340 ut
777 4284 932 4360 quantum
954 4274 1124 4341 extendere
1144 4270 1205 4338 iter
1220 4293 1328 4360 posset
