3359 5092
336 524 401 593 154
556 535 931 605 morannum.
952 533 1135 603 [russas]

333 697 440 784 pondo
459 696 529 762 auri
542 706 574 760 et
591 693 715 780 argenti
728 693 770 757 ad
788 715 946 758 summam
959 690 1139 757 sestertium
1157 687 1333 777 deciens[in]

334 791 492 859 aerarium
509 789 638 855 rettulit.

302 907 318 956 r
397 886 521 952 Paulus
538 884 698 949 Aemilius
716 882 828 947 consul
846 904 920 946 cum
937 893 1051 957 castra,
1068 893 1106 946 ut
1123 905 1221 967 supra
1237 880 1335 945 dum

334 993 397 1058 est,
424 981 466 1045 ad
494 978 582 1045 Siras
610 990 712 1043 terrae
735 974 968 1042 Odomanticae
992 975 1140 1053 haberet,
1166 976 1285 1041 litterae
1308 972 1335 1037 sb

333 1097 410 1161 rege
426 1074 548 1140 Perseo
570 1095 627 1158 per
649 1071 807 1157 ignobiles
827 1082 892 1135 tres
909 1071 1032 1155 legatos
1050 1068 1203 1156 [traditae
1225 1070 1254 1134 ei
1273 1079 1337 1133 sunt
1366 1107 1367 1114 .

334 1190 414 1253 quos
432 1189 533 1251 quum
549 1163 743 1251 sordidatos]
761 1175 918 1241 cerneret,
941 1175 974 1229 et
990 1165 1058 1250 ipse
1076 1164 1290 1230 inlacrimasse
1304 1162 1337 1226 di

300 1263 416 1331 scitur
433 1262 511 1327 sorti
526 1260 701 1337 humanae,
725 1259 812 1344 quod
829 1258 886 1343 qui
903 1260 999 1345 paulo
1017 1270 1090 1325 ante
1108 1281 1175 1324 ιιοιι
1194 1268 1337 1323 contentu

333 1378 433 1443 reguo
459 1354 670 1421 Macedoniae
701 1353 873 1417 Dardanos
903 1352 1094 1438 Illyriosque
1130 1361 1338 1439 oppugnasset

332 1451 564 1516 Bastarnarum
586 1448 754 1515 excivisset
772 1447 905 1524 auxilia,
926 1447 954 1512 is
977 1459 1045 1512 tum
1067 1447 1185 1513 amisso
1209 1447 1338 1520 exercitu,

331 1545 467 1611 extorris
487 1565 602 1630 regno,
628 1543 664 1608 iu
685 1565 818 1628 parvam
839 1542 978 1606 insulam
996 1543 1184 1628 conpulsus,
1213 1542 1337 1628 supplex,

298 1661 315 1708 t
332 1638 400 1704 tani
416 1638 579 1724 religione,
596 1658 662 1702 non
674 1637 795 1705 viribus
813 1636 879 1701 suis
893 1647 980 1701 tutus
994 1648 1086 1702 esset.
1114 1638 1172 1701 sed
1189 1648 1337 1722 postquam

332 1730 383 1819 [a]
401 1755 478 1818 rege
486 1732 587 1797 Perse
604 1731 728 1797 consuli
741 1730 845 1796 Paulo
863 1731 999 1796 salutem
1015 1731 1104 1816 legit,
1122 1730 1337 1795 miserationem

298 1848 313 1896 5
331 1849 459 1892 omnem
477 1825 610 1892 stultitia
626 1824 801 1911 ignorantis
814 1825 977 1888 fortunam
988 1848 1079 1890 suam
1095 1826 1223 1890 exemit.
1248 1826 1337 1907 itaqua

331 1941 527 2003 qrramquam
556 1920 590 1984 in
619 1918 743 2004 reliqua
772 1928 863 2003 parte
892 1918 1069 1983 litterarum
1093 1919 1224 1983 minime
1249 1917 1336 2004 regist

332 2035 443 2099 preces
457 2023 555 2089 erant,
572 2022 679 2078 tamen
695 2012 762 2077 sine
772 2032 923 2097 responso
937 2034 975 2077 ac
984 2012 1051 2077 sine
1065 2013 1179 2078 litteris
1188 2037 1227 2079 ea
1239 2009 1336 2099 legatio

297 2127 313 2176 t
332 2106 462 2173 dimissa
478 2118 537 2173 est.
564 2108 662 2173 sensit
674 2106 823 2184 Perseus,
842 2107 932 2171 cuius
949 2107 1085 2172 nominis
1103 2107 1335 2173 obliviscendum

331 2202 416 2267 victo
441 2213 539 2279 esset3
565 2201 674 2285 itaque
696 2203 814 2266 alterae
839 2200 963 2267 litterae
985 2224 1059 2267 cum
1080 2202 1197 2288 privati
1219 2198 1333 2267 nominis

298 2315 312 2361 ι
331 2295 423 2362 titulo
440 2295 556 2362 missae
574 2307 607 2361 et
622 2295 742 2381 petiere
760 2306 792 2360 et
808 2295 1030 2381 impetravere,
1048 2308 1085 2361 ut
1101 2297 1202 2381 aliqui
1219 2298 1259 2362 ad
1279 2314 1333 2361 eun

330 2392 539 2469 mitterentur,
557 2413 632 2456 cum
645 2390 761 2474 quibus
778 2390 867 2473 loqui
881 2390 921 2454 de
934 2401 1020 2456 statu
1033 2402 1066 2455 et
1078 2392 1264 2457 condicione
1276 2408 1333 2455 suat

330 2485 477 2552 fortunae
495 2496 612 2572 posset.
656 2484 836 2550 missisunt
854 2496 917 2549 tres
934 2485 1046 2570 legati,
1063 2484 1103 2550 P.
1122 2486 1288 2563 Lentulus,
1303 2482 1332 2546 A.

329 2579 515 2645 Postumius
533 2579 683 2655 Albimrs,
702 2578 744 2642 A.
758 2578 929 2643 Antonius.
955 2578 1035 2642 nihil
1053 2602 1091 2644 ea
1107 2581 1266 2666 legatione
1280 2599 1332 2665 per·

330 2673 451 2740 fecurm
473 2683 522 2738 est
537 2671 659 2737 Perseo
679 2671 826 2781 regium
825 2694 944 2737 nomen
966 2672 1053 2736 omni
1074 2673 1108 2736 vi
1135 2676 1331 2760 amplectente,

330 2767 434 2832 Paulo
452 2778 488 2832 ut
506 2789 540 2831 se
557 2787 680 2849 suaque
694 2765 800 2831 omnia
816 2763 852 2829 in
868 2766 965 2831 fidem
978 2777 1011 2869 et
1027 2768 1231 2833 clementiam
1246 2761 1332 2855 popul

330 2859 469 2925 Romani
486 2860 601 2944 permit
601 2870 682 2925 teret
699 2861 858 2926 tendente.

298 2972 311 3018 1
394 2954 436 3020 V.
465 2952 547 3042 [Ea]
566 2955 643 3019 dum
660 2966 810 3064 aguntur,
828 2955 937 3020 classis
956 2954 1018 3022 Cn.
1035 2954 1154 3022 Octavi
1172 2956 1331 3024 Samothn·

331 3069 402 3114 cam
428 3060 476 3114 est
502 3048 700 3135 adpulsa'
690 3073 718 3114 1s
746 3070 874 3133 quoque
900 3051 1060 3135 praesenti
1082 3052 1212 3117 admoto
1237 3063 1329 3117 tenuo

329 3143 427 3208 modo
446 3143 556 3220 minis,
582 3143 677 3208 modo
695 3166 752 3229 spe
770 3144 938 3230 perlicere,
965 3155 1002 3209 ut
1019 3167 1053 3211 se
1072 3146 1226 3224 traderet,
1249 3136 1328 3233 [cun]

330 3249 507 3316 conaretur,
526 3238 647 3304 adiuvit
663 3238 698 3303 in
715 3238 776 3303 hoc
793 3261 868 3304 eum
886 3261 937 3305 res
954 3261 1013 3304 seu
1026 3262 1103 3305 casu
1118 3252 1278 3307 contracta
1292 3253 1330 3302 set

297 3350 312 3397 2
331 3332 472 3398 consilio.
502 3332 544 3397 L.
562 3332 683 3399 Atilius
699 3332 841 3398 inlustris
860 3334 1047 3401 adulescens
1065 3357 1139 3400 cum
1156 3336 1192 3401 in
1210 3336 1330 3402 contione

330 3448 401 3491 esse
422 3426 577 3511 populum
596 3425 841 3494 Samothracum
862 3429 1004 3494 animum
1021 3429 1228 3510 advertisset,
1250 3448 1333 3496 sna·

329 3519 516 3605 gistratibus
532 3520 637 3605 petiit,
660 3531 697 3586 ut
712 3522 775 3587 sibi
797 3523 909 3609 prucis
927 3524 1121 3608 adloquendi
1138 3527 1248 3611 populi
1264 3533 1334 3611 pote

297 3622 444 3678 astrum
465 3612 615 3680 facerent.
658 3616 827 3725 permisso,
849 3623 973 3683 ‘utrum
988 3639 1062 3695 nos,
1080 3618 1223 3705 hospites
1241 3618 1336 3686 Samo·
1364 3595 1368 3710 l

328 3706 465 3784 thraces,
481 3730 557 3773 vere
571 3710 751 3795 accepimus
764 3734 806 3775 an
823 3711 916 3791 falso,
935 3735 1058 3777 sacram
1071 3712 1156 3778 hane
1169 3714 1299 3780 insulam
1312 3711 1367 3773 st

295 3801 460 3910 taugumti
484 3811 585 3866 totam
611 3814 707 3888 atque
734 3803 877 3871 inviolati
899 3807 959 3872 soli
982 3807 1086 3872 essel’
1115 3830 1190 3873 cum
1217 3805 1337 3874 creditit

297 3894 488 3962 sanctitati
506 3896 740 3963 adsentirentur
757 3919 878 3976 omues,
897 3907 970 3966 ‘cur
986 3901 1099 3987 igitur'
1117 3902 1223 3987 inquit
1240 3890 1337 3989 ‘pollui

330 4011 417 4067 eam,
439 3988 600 4054 homicida
616 3992 771 4077 sauguine
788 3994 874 4079 regis
892 3994 1048 4060 Eumenis
1065 3995 1201 4085 viola[t0
1219 3992 1334 4081 lice]bit
1362 4035 1367 4110 p

330 4094 362 4150 et
388 4106 462 4149 cum
489 4084 591 4149 omnis
617 4086 772 4170 praefatio
799 4110 962 4153 sacrorum
986 4112 1041 4155 ecs
1064 4091 1183 4174 quibus
1204 4114 1267 4157 non
1287 4087 1367 4158 siut

328 4200 427 4263 purae
444 4201 558 4243 manus
580 4178 678 4243 sacris
696 4191 816 4257 arceat,
844 4204 902 4247 vos
923 4185 1099 4268 penetralia
1120 4197 1228 4251 vestra
1245 4193 1334 4251 conta·

294 4271 440 4338 ominari
468 4284 598 4338 cruento
624 4273 755 4339 latronis
782 4297 913 4362 corpore
944 4278 1088 4343 sinetisl'
1124 4280 1240 4345 nobilis
1265 4279 1333 4344 tamt

1363 3963 1367 4020 t
