3359 5092
507 551 1088 624 LIBERXXXXH,66.67.[a.c.171]
1272 536 1316 603 85

307 731 384 798 qnam
405 732 456 775 res
478 710 662 795 postulabat
682 721 727 786 et,
751 710 867 796 raptim
890 723 975 786 acta,
999 710 1126 776 turbata
1144 731 1241 776 cursu
1258 709 1315 774 ad·

309 827 397 869 versus
415 804 587 868 instructos
605 816 638 869 et
654 817 859 890 praeparatos
881 819 949 870 erat
972 805 1157 870 adventura.
1203 803 1315 871 consul

309 899 493 963 anteveniens
520 898 679 983 extemplo
705 898 862 983 proelium
887 899 1054 964 conseruit
1107 901 1209 985 primo
1234 897 1347 965 resi-5

308 1005 371 1057 atere
387 992 596 1069 Macedones,
613 991 739 1068 deinde,
757 1002 793 1056 ut
810 992 899 1057 nulla
911 1015 946 1058 re
963 1016 1056 1079 pares
1071 1005 1171 1071 erant,
1189 991 1313 1057 amissis

307 1087 436 1151 trecentis
454 1085 631 1171 peditibus,
653 1086 767 1171 viginti
789 1098 940 1170 quattuor
962 1088 1152 1171 primoribus
1170 1087 1315 1170 equitum

305 1202 335 1245 er
345 1182 401 1257 ala,
419 1201 654 1264 quam-sacram
662 1192 788 1256 vocant,
806 1182 889 1247 inter
902 1203 982 1267 quos
991 1183 1203 1248 Antimachus
1217 1182 1315 1247 etiam

303 1274 468 1359 praefectus
495 1276 565 1339 alae
592 1274 721 1350 cecidit,
755 1275 843 1343 abire
870 1288 1034 1342 conantur.
1086 1289 1227 1342 ceterum
1251 1276 1313 1341 iter
1331 1291 1346 1338 c

302 1390 388 1455 prope
403 1370 475 1455 ipso
492 1368 612 1454 proelio
630 1370 856 1436 tumultuosius
870 1370 941 1436 fuit.
965 1371 1103 1457 phalanx
1118 1371 1176 1436 abs
1191 1370 1313 1455 trepido

302 1464 400 1527 nuntio
423 1464 525 1528 accita
547 1483 621 1527 cum
642 1464 757 1549 raptim
782 1465 967 1543 duceretur,
989 1466 1092 1551 primo
1109 1467 1142 1529 in
1160 1464 1313 1551 angustiis

301 1558 488 1643 captivorum
506 1557 625 1643 agmini
647 1558 754 1625 oblata
775 1558 992 1644 vehiculisque
1014 1560 1174 1625 frumento
1192 1558 1314 1624 onustis

301 1649 400 1716 haesit.
436 1651 550 1737 ingens
567 1651 612 1715 ibi
633 1653 761 1717 vexatio
778 1653 878 1738 partis
896 1654 1063 1739 utriusque
1079 1653 1141 1719 fuit
1156 1654 1246 1718 nullo
1259 1675 1315 1718 ex·
1334 1670 1347 1714 t

300 1756 436 1832 pactante
455 1743 524 1832 [ut]
540 1756 713 1829 utcumque
731 1747 944 1833 explicaretur
961 1771 1093 1835 agmen,
1112 1747 1168 1813 sed
1186 1747 1314 1812 armatis

300 1839 499 1904 deicientibus
522 1835 611 1925 [per]
633 1862 787 1926 praeceps
809 1841 1028 1927 inpedimenta
1043 1877 1088 1888 -—
1104 1862 1208 1925 neque
1231 1840 1315 1905 enim

301 1932 380 1999 diter
395 1934 450 1998 via
463 1932 579 2018 aperiri
596 1945 721 2019 poterat
732 1970 785 2011 —,
803 1935 962 2011 iumentis,
981 1958 1054 2001 cum
1068 1935 1313 2009 stimularentur,

301 2027 441 2092 intnrba
463 2026 687 2092 saevientibus.
737 2028 792 2092 vix
814 2028 857 2093 ab
878 2029 1039 2095 incondito
1061 2029 1189 2115 agmine
1215 2027 1348 2112 capti-8

301 2142 403 2186 rarum
421 2121 629 2206 expedierant
646 2143 729 2197 sese,
752 2144 826 2187 cum
848 2124 937 2209 regio
955 2124 1076 2209 agmini
1097 2122 1316 2209 perculsisque

300 2215 450 2299 canitibus
473 2227 652 2280 occurrunt
695 2215 741 2279 ibi
763 2237 840 2281 vero
863 2218 982 2282 clamor
1001 2216 1180 2282 iubentium
1197 2215 1316 2281 referre

299 2310 382 2396 signa
401 2309 513 2375 ruinae
536 2330 636 2395 prope
657 2311 791 2376 similem
814 2312 1058 2397 trepidationem
1078 2310 1171 2386 fecit,
1196 2319 1233 2373 ut
1256 2305 1315 2394 [si]

297 2402 396 2469 hostes
425 2404 545 2469 intrare
576 2405 740 2490 suevustias
771 2406 842 2470 ausi
870 2406 999 2493 longius
1032 2404 1167 2469 insecuti
1201 2419 1317 2479 essent,

296 2519 407 2584 magna
425 2498 531 2563 clades
554 2498 654 2583 accipi
676 2500 824 2584 potuerit
860 2501 972 2566 consul
989 2509 1118 2583 recepto
1135 2520 1175 2562 ex
1193 2497 1316 2561 tumulo
1335 2512 1348 2559 a

292 2593 464 2677 praesidio,
491 2603 658 2659 contentus
680 2595 806 2661 modico
829 2617 994 2671 successu,
1020 2594 1055 2657 in
1081 2603 1186 2658 castra
1208 2591 1316 2675 copias

293 2686 426 2751 reduxit.
462 2696 538 2751 sunt
558 2688 615 2770 qui
637 2709 675 2753 eo
700 2689 751 2754 die
773 2710 892 2775 magno
913 2688 1033 2775 proelio
1054 2696 1234 2773 pugnatum
1261 2707 1318 2749 an-

292 2791 393 2844 ctorea
417 2780 495 2845 sint:
522 2792 595 2845 octo
622 2779 751 2868 [milia]
778 2783 917 2848 hostium
945 2804 1051 2858 caesa,
1078 2782 1111 2845 in
1138 2778 1187 2844 his
1214 2777 1319 2864 Sopa-

292 2885 376 2938 trum
396 2886 431 2938 et
452 2874 660 2960 Antipatmm
683 2878 789 2963 regios
811 2877 925 2954 duces,
946 2878 1037 2942 vivos
1061 2893 1171 2961 captos
1193 2874 1318 2939 circiter

292 2965 458 3032 duomilia
466 2970 675 3055 octingentos,
691 2971 784 3057 signa
795 2972 947 3038 militaria
955 2982 1049 3056 capta
1062 2969 1174 3055 viginti
1186 2978 1317 3053 septem.

291 3081 351 3126 nec
366 3063 567 3127 incruentam
588 3063 755 3129 victoriam
772 3064 886 3130 fuisse:
911 3088 1009 3151 supra
1030 3075 1182 3148 quattuor
1199 3059 1317 3147 [milia]
1339 3078 1369 3125 10

291 3166 326 3220 ct
341 3167 498 3222 trecentos
517 3157 557 3222 de
574 3158 715 3223 exercitu
733 3159 871 3226 consulis
888 3159 1049 3234 cecidisse,
1068 3156 1160 3242 signa
1173 3156 1318 3219 sinistrae

289 3249 361 3314 alae
377 3249 519 3334 quinque
537 3251 662 3316 amissa.

355 3343 502 3409 LXVII.
529 3345 594 3410 Hie
612 3345 680 3410 dies
697 3357 729 3411 et
746 3346 905 3411 Romanis
923 3345 1034 3410 refecit
1051 3342 1173 3407 animos
1191 3352 1223 3407 et
1240 3340 1319 3405 Per·
1339 3359 1351 3405 1

291 3457 348 3503 sea
364 3439 514 3523 perculit,
532 3451 569 3504 ut
586 3439 654 3504 dies
671 3463 791 3526 paucos
810 3441 851 3506 ad
872 3440 1038 3526 Mopsium
1056 3449 1197 3502 moratus
1215 3436 1321 3521 sepul·

291 3541 382 3597 turae
405 3555 555 3599 maxume
577 3533 713 3599 militum
740 3536 928 3600 amissorum
950 3555 1041 3609 cura,
1068 3530 1226 3617 praesidio
1243 3529 1320 3593 satis

291 3626 400 3690 valido
420 3627 463 3692 ad
482 3624 635 3693 Gonnum
656 3629 766 3694 relicto
789 3629 824 3692 in
840 3627 1066 3692 Macedoniam
1090 3624 1244 3710 reciperet
1266 3644 1320 3687 co-

290 3718 372 3802 pias.
416 3721 621 3788 Timotheum
639 3724 799 3808 quendam
817 3746 857 3788 ex
874 3726 958 3809 regis
976 3720 1143 3807 praefectis
1162 3742 1235 3785 cum
1252 3739 1320 3783 mo-
1338 3738 1354 3786 a

291 3814 366 3880 dica
389 3839 490 3882 manu
514 3818 665 3902 relinquit
690 3818 732 3883 ad
757 3817 901 3893 Philam,
932 3817 1056 3880 iussum
1082 3814 1254 3901 Magnetas
1281 3836 1322 3878 ex

289 3910 473 3995 propinquo
495 3922 660 3997 temptare.
705 3935 778 3977 cum
800 3911 926 3975 Pellam
947 3910 1102 3986 venisset,
1126 3909 1266 3974 exercitu
1287 3906 1355 3975 ina

290 3995 429 4068 hiberna
446 4004 577 4069 dimisso
599 4006 668 4090 ipse
690 4027 764 4070 cum
782 4003 886 4089 Cotye
904 4003 1164 4069 Thessalonicam
1183 4014 1231 4067 est
1247 4022 1321 4085 pro·

289 4093 408 4164 fectus.
460 4119 498 4162 eo
528 4098 616 4163 fama
638 4099 781 4164 adfertur
802 4098 970 4164 Autlcbim
991 4099 1138 4183 regulum
1160 4096 1356 4163 Thracum4

292 4185 360 4280 [et]
378 4192 561 4280 Corragum
578 4194 733 4261 Eumenis
756 4194 954 4281 praefectum
976 4194 1010 4257 in
1029 4190 1141 4275 Cotyis
1163 4189 1242 4252 fines
1263 4186 1323 4251 im-

289 4301 405 4372 petum
419 4288 534 4355 fecisse
548 4301 581 4355 et
599 4289 764 4376 regionem
772 4289 942 4354 Marenem
955 4309 1053 4372 quam
1066 4293 1182 4349 vocant
1191 4281 1321 4364 cepisse.
