<?xml version="1.0" encoding="UTF-8"?>
<!DOCTYPE html PUBLIC "-//W3C//DTD XHTML 1.0 Transitional//EN"
    "http://www.w3.org/TR/xhtml1/DTD/xhtml1-transitional.dtd">
<html xmlns="http://www.w3.org/1999/xhtml" xml:lang="en" lang="en">
 <head>
  <title>
</title>
<meta http-equiv="Content-Type" content="text/html;charset=utf-8" />
  <meta name='ocr-system' content='tesseract 3.04.00' />
  <meta name='ocr-capabilities' content='ocr_page ocr_carea ocr_par ocr_line ocrx_word'/>
</head>
<body>
  <div class='ocr_page' id='page_1' title='image "./titiliviaburbec02weisgoog_0087.png"; bbox 0 0 3359 5092; ppageno 0'>
   <div class='ocr_carea' id='block_1_1' title="bbox 499 534 1332 615">
    <p class='ocr_par' dir='ltr' id='par_1_1' title="bbox 499 534 1332 615">
     <span class='ocr_line' id='line_1_1' title="bbox 499 534 1332 615; baseline 0 -14"><span class='ocrx_word' id='word_1_1' title='bbox 499 541 617 602; x_wconf 72' lang='lat' dir='ltr'><strong>LIBER</strong></span> <span class='ocrx_word' id='word_1_2' title='bbox 632 542 777 614; x_wconf 87' lang='lat' dir='ltr'>XXXXI,</span> <span class='ocrx_word' id='word_1_3' title='bbox 795 544 893 599; x_wconf 59' lang='lat'>1415.</span> <span class='ocrx_word' id='word_1_4' title='bbox 913 543 1133 615; x_wconf 58' lang='grc'><strong>[1111177176]</strong></span> <span class='ocrx_word' id='word_1_5' title='bbox 1291 534 1332 601; x_wconf 83' lang='grc'><strong>13</strong></span> 
     </span>
    </p>
   </div>
   <div class='ocr_carea' id='block_1_2' title="bbox 285 700 1363 1078">
    <p class='ocr_par' dir='ltr' id='par_1_2' title="bbox 285 700 1363 1078">
     <span class='ocr_line' id='line_1_2' title="bbox 298 700 1363 789; baseline -0.004 -13"><span class='ocrx_word' id='word_1_6' title='bbox 298 705 461 777; x_wconf 82' lang='lat' dir='ltr'><strong>coloniam</strong></span> <span class='ocrx_word' id='word_1_7' title='bbox 483 703 587 789; x_wconf 82' lang='lat' dir='ltr'><strong>ipsam</strong></span> <span class='ocrx_word' id='word_1_8' title='bbox 608 713 770 786; x_wconf 90' lang='lat' dir='ltr'><strong>ceperunt.</strong></span> <span class='ocrx_word' id='word_1_9' title='bbox 813 700 848 764; x_wconf 89' lang='lat' dir='ltr'><strong>id</strong></span> <span class='ocrx_word' id='word_1_10' title='bbox 869 701 926 766; x_wconf 88' lang='lat' dir='ltr'><strong>ubi</strong></span> <span class='ocrx_word' id='word_1_11' title='bbox 946 701 1085 767; x_wconf 86' lang='lat' dir='ltr'><strong>Romam</strong></span> <span class='ocrx_word' id='word_1_12' title='bbox 1108 704 1249 770; x_wconf 81' lang='lat' dir='ltr'><strong>adlatum</strong></span> <span class='ocrx_word' id='word_1_13' title='bbox 1272 719 1363 785; x_wconf 71' lang='lat' dir='ltr'><strong>ests</strong></span> 
     </span>
     <span class='ocr_line' id='line_1_3' title="bbox 299 790 1330 885; baseline -0.002 -16"><span class='ocrx_word' id='word_1_14' title='bbox 299 813 432 869; x_wconf 86' lang='lat' dir='ltr'><strong>senatus</strong></span> <span class='ocrx_word' id='word_1_15' title='bbox 461 795 503 864; x_wconf 86' lang='lat' dir='ltr'><strong>C.</strong></span> <span class='ocrx_word' id='word_1_16' title='bbox 531 790 704 863; x_wconf 78' lang='lat' dir='ltr'><strong>Claudium</strong></span> <span class='ocrx_word' id='word_1_17' title='bbox 730 796 894 861; x_wconf 86' lang='lat' dir='ltr'><strong>consulem</strong></span> <span class='ocrx_word' id='word_1_18' title='bbox 921 797 1048 862; x_wconf 87' lang='lat' dir='ltr'><strong>comitia</strong></span> <span class='ocrx_word' id='word_1_19' title='bbox 1073 799 1176 884; x_wconf 89' lang='lat' dir='ltr'><strong>primo</strong></span> <span class='ocrx_word' id='word_1_20' title='bbox 1203 822 1330 885; x_wconf 91' lang='lat' dir='ltr'><strong>quoque</strong></span> 
     </span>
     <span class='ocr_line' id='line_1_4' title="bbox 285 889 1330 986; baseline -0.002 -22"><span class='ocrx_word' id='word_1_21' title='bbox 285 909 446 986; x_wconf 41' lang='lat' dir='ltr'><strong>‘tempore</strong></span> <span class='ocrx_word' id='word_1_22' title='bbox 464 891 583 957; x_wconf 90' lang='lat' dir='ltr'><strong>habere</strong></span> <span class='ocrx_word' id='word_1_23' title='bbox 599 890 692 956; x_wconf 89' lang='lat' dir='ltr'><strong>iussit</strong></span> <span class='ocrx_word' id='word_1_24' title='bbox 708 889 887 974; x_wconf 74' lang='lat' dir='ltr'><strong>creatisque</strong></span> <span class='ocrx_word' id='word_1_25' title='bbox 904 891 938 955; x_wconf 92' lang='lat' dir='ltr'><strong>in</strong></span> <span class='ocrx_word' id='word_1_26' title='bbox 956 914 1074 956; x_wconf 86' lang='lat' dir='ltr'><strong>annum</strong></span> <span class='ocrx_word' id='word_1_27' title='bbox 1091 894 1330 980; x_wconf 85' lang='lat' dir='ltr'><strong>magistratibus</strong></span> 
     </span>
     <span class='ocr_line' id='line_1_5' title="bbox 285 984 1330 1078; baseline -0.002 -21"><span class='ocrx_word' id='word_1_28' title='bbox 285 989 331 1057; x_wconf 79' lang='lat' dir='ltr'><strong>&#39;in</strong></span> <span class='ocrx_word' id='word_1_29' title='bbox 347 987 551 1078; x_wconf 83' lang='lat' dir='ltr'><strong>provinciam</strong></span> <span class='ocrx_word' id='word_1_30' title='bbox 567 984 671 1051; x_wconf 88' lang='lat' dir='ltr'><strong>redire</strong></span> <span class='ocrx_word' id='word_1_31' title='bbox 689 994 720 1051; x_wconf 89' lang='lat' dir='ltr'><strong>et</strong></span> <span class='ocrx_word' id='word_1_32' title='bbox 733 984 891 1050; x_wconf 87' lang='lat' dir='ltr'><strong>coloniam</strong></span> <span class='ocrx_word' id='word_1_33' title='bbox 909 1008 950 1050; x_wconf 86' lang='lat' dir='ltr'><strong>ex</strong></span> <span class='ocrx_word' id='word_1_34' title='bbox 966 986 1110 1052; x_wconf 82' lang='lat' dir='ltr'>hostibus</span> <span class='ocrx_word' id='word_1_35' title='bbox 1128 990 1258 1074; x_wconf 85' lang='lat' dir='ltr'><strong>eripere.</strong></span> <span class='ocrx_word' id='word_1_36' title='bbox 1285 991 1330 1055; x_wconf 88' lang='lat' dir='ltr'><strong>ita</strong></span> 
     </span>
    </p>
   </div>
   <div class='ocr_carea' id='block_1_3' title="bbox 285 1078 1380 4386">
    <p class='ocr_par' dir='ltr' id='par_1_3' title="bbox 296 1078 1364 1828">
     <span class='ocr_line' id='line_1_6' title="bbox 296 1078 1364 1157; baseline -0.005 -4"><span class='ocrx_word' id='word_1_37' title='bbox 296 1087 344 1152; x_wconf 88' lang='lat' dir='ltr'><strong>uti</strong></span> <span class='ocrx_word' id='word_1_38' title='bbox 362 1082 656 1157; x_wconf 70' lang='lat' dir='ltr'><strong>consenserimus,</strong></span> <span class='ocrx_word' id='word_1_39' title='bbox 678 1078 807 1145; x_wconf 89' lang='lat' dir='ltr'><strong>comitia</strong></span> <span class='ocrx_word' id='word_1_40' title='bbox 824 1079 943 1144; x_wconf 85' lang='lat' dir='ltr'><strong>habita.</strong></span> <span class='ocrx_word' id='word_1_41' title='bbox 989 1083 1133 1147; x_wconf 89' lang='lat' dir='ltr'><strong>consules</strong></span> <span class='ocrx_word' id='word_1_42' title='bbox 1152 1084 1249 1148; x_wconf 88' lang='lat' dir='ltr'><strong>creati</strong></span> <span class='ocrx_word' id='word_1_43' title='bbox 1267 1081 1328 1149; x_wconf 87' lang='lat' dir='ltr'><strong>Cn.</strong></span> <span class='ocrx_word' id='word_1_44' title='bbox 1347 1110 1364 1157; x_wconf 84' lang='lat'>4</span> 
     </span>
     <span class='ocr_line' id='line_1_7' title="bbox 297 1173 1363 1262; baseline -0.003 -15"><span class='ocrx_word' id='word_1_45' title='bbox 297 1178 475 1247; x_wconf 80' lang='lat' dir='ltr'><strong>Cornelius</strong></span> <span class='ocrx_word' id='word_1_46' title='bbox 494 1174 604 1261; x_wconf 80' lang='lat' dir='ltr'><strong>Scipio</strong></span> <span class='ocrx_word' id='word_1_47' title='bbox 620 1175 798 1260; x_wconf 82' lang='lat' dir='ltr'><strong>Hispallus,</strong></span> <span class='ocrx_word' id='word_1_48' title='bbox 817 1173 859 1255; x_wconf 84' lang='lat' dir='ltr'><strong>Q.</strong></span> <span class='ocrx_word' id='word_1_49' title='bbox 877 1174 1024 1239; x_wconf 90' lang='lat' dir='ltr'><strong>Petillius</strong></span> <span class='ocrx_word' id='word_1_50' title='bbox 1043 1174 1211 1261; x_wconf 80' lang='lat' dir='ltr'><strong>Spurinus.</strong></span> <span class='ocrx_word' id='word_1_51' title='bbox 1238 1200 1363 1262; x_wconf 80' lang='lat' dir='ltr'><strong>prae-5</strong></span> 
     </span>
     <span class='ocr_line' id='line_1_8' title="bbox 298 1268 1331 1354; baseline -0.003 -13"><span class='ocrx_word' id='word_1_52' title='bbox 298 1292 382 1341; x_wconf 86' lang='lat' dir='ltr'><strong>tores</strong></span> <span class='ocrx_word' id='word_1_53' title='bbox 404 1272 487 1339; x_wconf 87' lang='lat' dir='ltr'><strong>inde</strong></span> <span class='ocrx_word' id='word_1_54' title='bbox 508 1269 587 1336; x_wconf 85' lang='lat' dir='ltr'><strong>facti</strong></span> <span class='ocrx_word' id='word_1_55' title='bbox 603 1268 652 1333; x_wconf 87' lang='lat' dir='ltr'><strong>M.</strong></span> <span class='ocrx_word' id='word_1_56' title='bbox 670 1268 827 1354; x_wconf 86' lang='lat' dir='ltr'>Popillius</span> <span class='ocrx_word' id='word_1_57' title='bbox 845 1270 990 1346; x_wconf 78' lang='lat' dir='ltr'>Laenas,</span> <span class='ocrx_word' id='word_1_58' title='bbox 1011 1270 1051 1334; x_wconf 87' lang='lat' dir='ltr'><strong>P.</strong></span> <span class='ocrx_word' id='word_1_59' title='bbox 1070 1271 1215 1337; x_wconf 89' lang='lat' dir='ltr'><strong>Licinius</strong></span> <span class='ocrx_word' id='word_1_60' title='bbox 1234 1269 1331 1338; x_wconf 86' lang='lat' dir='ltr'><strong>Cras-</strong></span> 
     </span>
     <span class='ocr_line' id='line_1_9' title="bbox 301 1362 1328 1449; baseline -0.003 -14"><span class='ocrx_word' id='word_1_61' title='bbox 301 1392 363 1448; x_wconf 87' lang='lat' dir='ltr'><strong>sus,</strong></span> <span class='ocrx_word' id='word_1_62' title='bbox 381 1368 435 1433; x_wconf 86' lang='grc' dir='ltr'><strong>Μ.</strong></span> <span class='ocrx_word' id='word_1_63' title='bbox 448 1364 620 1432; x_wconf 86' lang='lat' dir='ltr'><strong>Cornelius</strong></span> <span class='ocrx_word' id='word_1_64' title='bbox 630 1362 748 1449; x_wconf 81' lang='lat' dir='ltr'>Scipio,</span> <span class='ocrx_word' id='word_1_65' title='bbox 766 1364 807 1429; x_wconf 85' lang='lat' dir='ltr'><strong>L.</strong></span> <span class='ocrx_word' id='word_1_66' title='bbox 820 1362 971 1449; x_wconf 81' lang='lat' dir='ltr'><strong>Papirius</strong></span> <span class='ocrx_word' id='word_1_67' title='bbox 985 1364 1091 1444; x_wconf 87' lang='lat' dir='ltr'><strong>Maso,</strong></span> <span class='ocrx_word' id='word_1_68' title='bbox 1109 1366 1158 1431; x_wconf 90' lang='lat' dir='ltr'><strong>M.</strong></span> <span class='ocrx_word' id='word_1_69' title='bbox 1172 1367 1328 1445; x_wconf 90' lang='lat' dir='ltr'><strong>Aburius,</strong></span> 
     </span>
     <span class='ocr_line' id='line_1_10' title="bbox 301 1454 1362 1547; baseline -0.001 -19"><span class='ocrx_word' id='word_1_70' title='bbox 301 1464 339 1529; x_wconf 77' lang='lat' dir='ltr'><strong>L.</strong></span> <span class='ocrx_word' id='word_1_71' title='bbox 349 1461 520 1547; x_wconf 80' lang='lat' dir='ltr'><strong>Aquillius</strong></span> <span class='ocrx_word' id='word_1_72' title='bbox 530 1457 655 1526; x_wconf 85' lang='lat' dir='ltr'><strong>Gallus.</strong></span> <span class='ocrx_word' id='word_1_73' title='bbox 683 1455 722 1523; x_wconf 86' lang='grc' dir='ltr'><strong>Ο.</strong></span> <span class='ocrx_word' id='word_1_74' title='bbox 734 1454 870 1523; x_wconf 87' lang='lat' dir='ltr'><strong>Claudio</strong></span> <span class='ocrx_word' id='word_1_75' title='bbox 880 1459 1001 1524; x_wconf 90' lang='lat' dir='ltr'><strong>consuli</strong></span> <span class='ocrx_word' id='word_1_76' title='bbox 1011 1472 1217 1546; x_wconf 88' lang='lat' dir='ltr'><strong>prorogatum</strong></span> <span class='ocrx_word' id='word_1_77' title='bbox 1230 1462 1329 1527; x_wconf 88' lang='lat' dir='ltr'><strong>inan-</strong></span> <span class='ocrx_word' id='word_1_78' title='bbox 1346 1486 1362 1534; x_wconf 76' lang='lat' dir='ltr'><strong>c</strong></span> 
     </span>
     <span class='ocr_line' id='line_1_11' title="bbox 302 1550 1329 1641; baseline -0.004 -17"><span class='ocrx_word' id='word_1_79' title='bbox 302 1581 376 1624; x_wconf 87' lang='lat' dir='ltr'><strong>num</strong></span> <span class='ocrx_word' id='word_1_80' title='bbox 384 1554 561 1641; x_wconf 89' lang='lat' dir='ltr'><strong>imperium</strong></span> <span class='ocrx_word' id='word_1_81' title='bbox 575 1564 609 1619; x_wconf 86' lang='lat' dir='ltr'><strong>et</strong></span> <span class='ocrx_word' id='word_1_82' title='bbox 618 1550 726 1618; x_wconf 86' lang='lat' dir='ltr'><strong>Gallia</strong></span> <span class='ocrx_word' id='word_1_83' title='bbox 740 1552 918 1638; x_wconf 84' lang='lat' dir='ltr'><strong>provincia3</strong></span> <span class='ocrx_word' id='word_1_84' title='bbox 931 1564 964 1618; x_wconf 89' lang='lat' dir='ltr'><strong>et</strong></span> <span class='ocrx_word' id='word_1_85' title='bbox 975 1576 1016 1619; x_wconf 86' lang='lat' dir='ltr'><strong>ne</strong></span> <span class='ocrx_word' id='word_1_86' title='bbox 1025 1553 1129 1619; x_wconf 78' lang='lat' dir='ltr'><strong>Histri</strong></span> <span class='ocrx_word' id='word_1_87' title='bbox 1143 1555 1229 1620; x_wconf 88' lang='lat' dir='ltr'><strong>idem</strong></span> <span class='ocrx_word' id='word_1_88' title='bbox 1242 1556 1329 1640; x_wconf 82' lang='lat' dir='ltr'><strong>quod</strong></span> 
     </span>
     <span class='ocr_line' id='line_1_12' title="bbox 304 1647 1330 1738; baseline -0.006 -19"><span class='ocrx_word' id='word_1_89' title='bbox 304 1665 331 1719; x_wconf 85' lang='lat' dir='ltr'><strong>et</strong></span> <span class='ocrx_word' id='word_1_90' title='bbox 351 1652 500 1738; x_wconf 87' lang='lat' dir='ltr'><strong>Ligures</strong></span> <span class='ocrx_word' id='word_1_91' title='bbox 522 1649 679 1724; x_wconf 85' lang='lat' dir='ltr'><strong>facerent,</strong></span> <span class='ocrx_word' id='word_1_92' title='bbox 706 1647 808 1713; x_wconf 88' lang='lat' dir='ltr'><strong>socios</strong></span> <span class='ocrx_word' id='word_1_93' title='bbox 830 1648 966 1712; x_wconf 90' lang='lat' dir='ltr'><strong>nominis</strong></span> <span class='ocrx_word' id='word_1_94' title='bbox 989 1648 1099 1713; x_wconf 85' lang='lat' dir='ltr'><strong>Latini</strong></span> <span class='ocrx_word' id='word_1_95' title='bbox 1118 1650 1152 1714; x_wconf 89' lang='lat' dir='ltr'><strong>in</strong></span> <span class='ocrx_word' id='word_1_96' title='bbox 1173 1649 1330 1715; x_wconf 79' lang='lat' dir='ltr'><strong>Histriam</strong></span> 
     </span>
     <span class='ocr_line' id='line_1_13' title="bbox 304 1741 1297 1828; baseline -0.005 -15"><span class='ocrx_word' id='word_1_97' title='bbox 304 1747 455 1822; x_wconf 83' lang='lat' dir='ltr'><strong>mitteret,</strong></span> <span class='ocrx_word' id='word_1_98' title='bbox 476 1763 559 1828; x_wconf 91' lang='lat' dir='ltr'><strong>quos</strong></span> <span class='ocrx_word' id='word_1_99' title='bbox 576 1741 729 1828; x_wconf 79' lang='lat' dir='ltr'><strong>triumphi</strong></span> <span class='ocrx_word' id='word_1_100' title='bbox 746 1764 845 1807; x_wconf 85' lang='lat' dir='ltr'><strong>causa</strong></span> <span class='ocrx_word' id='word_1_101' title='bbox 861 1742 902 1808; x_wconf 86' lang='lat' dir='ltr'><strong>de</strong></span> <span class='ocrx_word' id='word_1_102' title='bbox 924 1743 1088 1828; x_wconf 89' lang='lat' dir='ltr'><strong>provincia</strong></span> <span class='ocrx_word' id='word_1_103' title='bbox 1104 1742 1297 1810; x_wconf 87' lang='lat' dir='ltr'><strong>deduxisset.</strong></span> 
     </span>
    </p>

    <p class='ocr_par' dir='ltr' id='par_1_4' title="bbox 302 1836 1380 3043">
     <span class='ocr_line' id='line_1_14' title="bbox 361 1836 1362 1924; baseline 0.002 -18"><span class='ocrx_word' id='word_1_104' title='bbox 361 1839 427 1906; x_wconf 82' lang='lat' dir='ltr'><strong>Cn.</strong></span> <span class='ocrx_word' id='word_1_105' title='bbox 454 1837 604 1904; x_wconf 88' lang='lat' dir='ltr'><strong>Cornelio</strong></span> <span class='ocrx_word' id='word_1_106' title='bbox 626 1848 658 1903; x_wconf 91' lang='lat' dir='ltr'><strong>et</strong></span> <span class='ocrx_word' id='word_1_107' title='bbox 676 1836 718 1920; x_wconf 94' lang='grc' dir='ltr'><strong>Ω.</strong></span> <span class='ocrx_word' id='word_1_108' title='bbox 735 1836 864 1902; x_wconf 90' lang='lat' dir='ltr'><strong>Petillio</strong></span> <span class='ocrx_word' id='word_1_109' title='bbox 886 1838 1085 1914; x_wconf 88' lang='lat' dir='ltr'><strong>oonsulibus,</strong></span> <span class='ocrx_word' id='word_1_110' title='bbox 1108 1839 1240 1924; x_wconf 88' lang='lat' dir='ltr'><strong>quodie</strong></span> <span class='ocrx_word' id='word_1_111' title='bbox 1262 1862 1362 1908; x_wconf 72' lang='lat' dir='ltr'><strong>mre-r</strong></span> 
     </span>
     <span class='ocr_line' id='line_1_15' title="bbox 304 1931 1329 2023; baseline -0.004 -22"><span class='ocrx_word' id='word_1_112' title='bbox 304 1938 472 2023; x_wconf 79' lang='lat' dir='ltr'><strong>gistratum</strong></span> <span class='ocrx_word' id='word_1_113' title='bbox 503 1932 656 2009; x_wconf 84' lang='lat' dir='ltr'><strong>inienmt,</strong></span> <span class='ocrx_word' id='word_1_114' title='bbox 684 1931 924 2015; x_wconf 76' lang='lat' dir='ltr'><strong>¹immolantibus</strong></span> <span class='ocrx_word' id='word_1_115' title='bbox 949 1932 1021 1997; x_wconf 88' lang='lat' dir='ltr'><strong>Iovi</strong></span> <span class='ocrx_word' id='word_1_116' title='bbox 1052 1933 1185 2019; x_wconf 87' lang='lat' dir='ltr'><strong>singulis</strong></span> <span class='ocrx_word' id='word_1_117' title='bbox 1212 1933 1329 2009; x_wconf 69' lang='lat' dir='ltr'><strong>bubus</strong></span> 
     </span>
     <span class='ocr_line' id='line_1_16' title="bbox 303 2024 1330 2111; baseline -0.004 -15"><span class='ocrx_word' id='word_1_118' title='bbox 303 2032 345 2096; x_wconf 91' lang='lat' dir='ltr'><strong>uti</strong></span> <span class='ocrx_word' id='word_1_119' title='bbox 368 2030 469 2105; x_wconf 88' lang='lat' dir='ltr'><strong>solet,</strong></span> <span class='ocrx_word' id='word_1_120' title='bbox 497 2026 532 2092; x_wconf 91' lang='lat' dir='ltr'><strong>in</strong></span> <span class='ocrx_word' id='word_1_121' title='bbox 555 2050 593 2092; x_wconf 87' lang='lat' dir='ltr'><strong>ea</strong></span> <span class='ocrx_word' id='word_1_122' title='bbox 609 2027 728 2103; x_wconf 87' lang='lat' dir='ltr'><strong>hostia,</strong></span> <span class='ocrx_word' id='word_1_123' title='bbox 754 2048 819 2111; x_wconf 92' lang='lat' dir='ltr'><strong>qua</strong></span> <span class='ocrx_word' id='word_1_124' title='bbox 836 2024 879 2109; x_wconf 90' lang='grc' dir='ltr'><strong>Ω.</strong></span> <span class='ocrx_word' id='word_1_125' title='bbox 897 2026 1044 2093; x_wconf 90' lang='lat' dir='ltr'><strong>Petillius</strong></span> <span class='ocrx_word' id='word_1_126' title='bbox 1066 2028 1269 2105; x_wconf 87' lang='lat' dir='ltr'><strong>sacrificavit,</strong></span> <span class='ocrx_word' id='word_1_127' title='bbox 1296 2028 1330 2092; x_wconf 93' lang='lat' dir='ltr'><strong>in</strong></span> 
     </span>
     <span class='ocr_line' id='line_1_17' title="bbox 302 2121 1329 2208; baseline -0.005 -17"><span class='ocrx_word' id='word_1_128' title='bbox 302 2126 440 2193; x_wconf 86' lang='lat' dir='ltr'><strong>iocinere</strong></span> <span class='ocrx_word' id='word_1_129' title='bbox 459 2132 556 2208; x_wconf 84' lang='lat' dir='ltr'><strong>caput</strong></span> <span class='ocrx_word' id='word_1_130' title='bbox 573 2143 637 2186; x_wconf 88' lang='lat' dir='ltr'><strong>non</strong></span> <span class='ocrx_word' id='word_1_131' title='bbox 653 2121 829 2186; x_wconf 86' lang='lat' dir='ltr'><strong>inventum.</strong></span> <span class='ocrx_word' id='word_1_132' title='bbox 865 2121 900 2185; x_wconf 88' lang='lat' dir='ltr'><strong>id</strong></span> <span class='ocrx_word' id='word_1_133' title='bbox 917 2144 989 2187; x_wconf 90' lang='lat' dir='ltr'><strong>cum</strong></span> <span class='ocrx_word' id='word_1_134' title='bbox 1008 2122 1049 2187; x_wconf 86' lang='lat' dir='ltr'><strong>ad</strong></span> <span class='ocrx_word' id='word_1_135' title='bbox 1067 2134 1213 2188; x_wconf 88' lang='lat' dir='ltr'><strong>senatum</strong></span> <span class='ocrx_word' id='word_1_136' title='bbox 1230 2134 1329 2188; x_wconf 92' lang='lat' dir='ltr'><strong>rettu-</strong></span> 
     </span>
     <span class='ocr_line' id='line_1_18' title="bbox 302 2215 1363 2302; baseline 0 -21"><span class='ocrx_word' id='word_1_137' title='bbox 302 2220 397 2297; x_wconf 78' lang='lat' dir='ltr'><strong>lisset,</strong></span> <span class='ocrx_word' id='word_1_138' title='bbox 418 2218 505 2284; x_wconf 83' lang='lat' dir='ltr'><strong>bovo</strong></span> <span class='ocrx_word' id='word_1_139' title='bbox 527 2216 675 2302; x_wconf 77' lang='lat' dir='ltr'><strong>perlitare</strong></span> <span class='ocrx_word' id='word_1_140' title='bbox 696 2216 811 2280; x_wconf 87' lang='lat' dir='ltr'><strong>iussus.</strong></span> <span class='ocrx_word' id='word_1_141' title='bbox 862 2215 901 2281; x_wconf 88' lang='lat' dir='ltr'><strong>de</strong></span> <span class='ocrx_word' id='word_1_142' title='bbox 924 2216 1094 2301; x_wconf 87' lang='lat' dir='ltr'><strong>provinciis</strong></span> <span class='ocrx_word' id='word_1_143' title='bbox 1118 2217 1231 2282; x_wconf 88' lang='lat' dir='ltr'><strong>deinde</strong></span> <span class='ocrx_word' id='word_1_144' title='bbox 1254 2238 1363 2288; x_wconf 70' lang='lat' dir='ltr'><strong>con-s</strong></span> 
     </span>
     <span class='ocr_line' id='line_1_19' title="bbox 303 2310 1329 2396; baseline -0.006 -15"><span class='ocrx_word' id='word_1_145' title='bbox 303 2317 403 2381; x_wconf 89' lang='lat' dir='ltr'><strong>sultus</strong></span> <span class='ocrx_word' id='word_1_146' title='bbox 435 2322 566 2378; x_wconf 88' lang='lat' dir='ltr'><strong>senatus</strong></span> <span class='ocrx_word' id='word_1_147' title='bbox 591 2310 686 2375; x_wconf 86' lang='lat' dir='ltr'><strong>Pisas</strong></span> <span class='ocrx_word' id='word_1_148' title='bbox 713 2322 744 2376; x_wconf 88' lang='lat' dir='ltr'><strong>et</strong></span> <span class='ocrx_word' id='word_1_149' title='bbox 770 2310 909 2396; x_wconf 87' lang='lat' dir='ltr'><strong>Ligures</strong></span> <span class='ocrx_word' id='word_1_150' title='bbox 940 2311 1120 2395; x_wconf 87' lang='lat' dir='ltr'><strong>provincias</strong></span> <span class='ocrx_word' id='word_1_151' title='bbox 1147 2311 1329 2376; x_wconf 89' lang='lat' dir='ltr'><strong>consulibus</strong></span> 
     </span>
     <span class='ocr_line' id='line_1_20' title="bbox 304 2404 1362 2491; baseline -0.007 -16"><span class='ocrx_word' id='word_1_152' title='bbox 304 2408 458 2485; x_wconf 79' lang='lat' dir='ltr'><strong>decrevit3</strong></span> <span class='ocrx_word' id='word_1_153' title='bbox 480 2406 534 2471; x_wconf 90' lang='lat' dir='ltr'><strong>oui</strong></span> <span class='ocrx_word' id='word_1_154' title='bbox 550 2404 648 2471; x_wconf 88' lang='lat' dir='ltr'><strong>Pisae</strong></span> <span class='ocrx_word' id='word_1_155' title='bbox 670 2404 835 2491; x_wconf 88' lang='lat' dir='ltr'><strong>provincia</strong></span> <span class='ocrx_word' id='word_1_156' title='bbox 853 2404 1048 2481; x_wconf 85' lang='lat' dir='ltr'><strong>obvenisset,</strong></span> <span class='ocrx_word' id='word_1_157' title='bbox 1070 2425 1144 2469; x_wconf 92' lang='lat' dir='ltr'><strong>cum</strong></span> <span class='ocrx_word' id='word_1_158' title='bbox 1161 2405 1329 2489; x_wconf 86' lang='lat' dir='ltr'><strong>magistra·</strong></span> <span class='ocrx_word' id='word_1_159' title='bbox 1348 2428 1362 2475; x_wconf 84' lang='lat'><strong>9</strong></span> 
     </span>
     <span class='ocr_line' id='line_1_21' title="bbox 304 2498 1328 2585; baseline -0.008 -16"><span class='ocrx_word' id='word_1_160' title='bbox 304 2517 398 2569; x_wconf 86' lang='lat' dir='ltr'><strong>tuum</strong></span> <span class='ocrx_word' id='word_1_161' title='bbox 413 2500 621 2567; x_wconf 82' lang='lat' dir='ltr'><strong>creandorum</strong></span> <span class='ocrx_word' id='word_1_162' title='bbox 639 2510 765 2585; x_wconf 90' lang='lat' dir='ltr'><strong>tempus</strong></span> <span class='ocrx_word' id='word_1_163' title='bbox 783 2509 876 2575; x_wconf 90' lang='lat' dir='ltr'><strong>esset,</strong></span> <span class='ocrx_word' id='word_1_164' title='bbox 895 2498 937 2563; x_wconf 85' lang='lat' dir='ltr'><strong>ad</strong></span> <span class='ocrx_word' id='word_1_165' title='bbox 954 2498 1082 2563; x_wconf 88' lang='lat' dir='ltr'><strong>comitia</strong></span> <span class='ocrx_word' id='word_1_166' title='bbox 1094 2498 1210 2563; x_wconf 88' lang='lat' dir='ltr'><strong>reverti</strong></span> <span class='ocrx_word' id='word_1_167' title='bbox 1227 2498 1328 2562; x_wconf 89' lang='lat' dir='ltr'><strong>iussit.</strong></span> 
     </span>
     <span class='ocr_line' id='line_1_22' title="bbox 309 2591 1380 2677; baseline -0.008 -15"><span class='ocrx_word' id='word_1_168' title='bbox 309 2596 452 2662; x_wconf 78' lang='lat' dir='ltr'><strong>additum</strong></span> <span class='ocrx_word' id='word_1_169' title='bbox 470 2596 610 2669; x_wconf 79' lang='lat' dir='ltr'><strong>decreto,</strong></span> <span class='ocrx_word' id='word_1_170' title='bbox 637 2604 674 2659; x_wconf 90' lang='lat' dir='ltr'><strong>ut</strong></span> <span class='ocrx_word' id='word_1_171' title='bbox 697 2593 790 2658; x_wconf 90' lang='lat' dir='ltr'><strong>binas</strong></span> <span class='ocrx_word' id='word_1_172' title='bbox 816 2592 958 2677; x_wconf 86' lang='lat' dir='ltr'><strong>legiones</strong></span> <span class='ocrx_word' id='word_1_173' title='bbox 980 2614 1080 2657; x_wconf 86' lang='lat' dir='ltr'><strong>novas</strong></span> <span class='ocrx_word' id='word_1_174' title='bbox 1102 2591 1276 2657; x_wconf 90' lang='lat' dir='ltr'><strong>scriberent</strong></span> <span class='ocrx_word' id='word_1_175' title='bbox 1297 2601 1329 2654; x_wconf 89' lang='lat' dir='ltr'><strong>et</strong></span> <span class='ocrx_word' id='word_1_176' title='bbox 1348 2614 1380 2662; x_wconf 90' lang='lat' dir='ltr'><strong>1o</strong></span> 
     </span>
     <span class='ocr_line' id='line_1_23' title="bbox 310 2684 1330 2775; baseline -0.008 -18"><span class='ocrx_word' id='word_1_177' title='bbox 310 2703 449 2757; x_wconf 87' lang='lat' dir='ltr'><strong>trecenos</strong></span> <span class='ocrx_word' id='word_1_178' title='bbox 473 2690 611 2775; x_wconf 84' lang='lat' dir='ltr'><strong>equites,</strong></span> <span class='ocrx_word' id='word_1_179' title='bbox 638 2700 670 2754; x_wconf 90' lang='lat' dir='ltr'><strong>et</strong></span> <span class='ocrx_word' id='word_1_180' title='bbox 696 2688 778 2755; x_wconf 87' lang='lat' dir='ltr'><strong>dena</strong></span> <span class='ocrx_word' id='word_1_181' title='bbox 799 2687 887 2752; x_wconf 91' lang='lat' dir='ltr'><strong>milia</strong></span> <span class='ocrx_word' id='word_1_182' title='bbox 911 2685 1054 2771; x_wconf 91' lang='lat' dir='ltr'><strong>peditum</strong></span> <span class='ocrx_word' id='word_1_183' title='bbox 1077 2687 1169 2752; x_wconf 91' lang='lat' dir='ltr'><strong>sociis</strong></span> <span class='ocrx_word' id='word_1_184' title='bbox 1195 2684 1330 2750; x_wconf 90' lang='lat' dir='ltr'><strong>nomini-</strong></span> 
     </span>
     <span class='ocr_line' id='line_1_24' title="bbox 304 2778 1379 2870; baseline -0.007 -19"><span class='ocrx_word' id='word_1_185' title='bbox 304 2807 366 2870; x_wconf 89' lang='lat' dir='ltr'><strong>que</strong></span> <span class='ocrx_word' id='word_1_186' title='bbox 383 2785 502 2850; x_wconf 87' lang='lat' dir='ltr'><strong>Latino</strong></span> <span class='ocrx_word' id='word_1_187' title='bbox 522 2797 553 2850; x_wconf 90' lang='lat' dir='ltr'><strong>et</strong></span> <span class='ocrx_word' id='word_1_188' title='bbox 571 2805 718 2850; x_wconf 87' lang='lat' dir='ltr'><strong>sescenos</strong></span> <span class='ocrx_word' id='word_1_189' title='bbox 734 2783 928 2867; x_wconf 87' lang='lat' dir='ltr'><strong>imperarent</strong></span> <span class='ocrx_word' id='word_1_190' title='bbox 946 2782 1078 2865; x_wconf 90' lang='lat' dir='ltr'><strong>equites.</strong></span> <span class='ocrx_word' id='word_1_191' title='bbox 1122 2781 1173 2846; x_wconf 86' lang='lat' dir='ltr'><strong>Ti.</strong></span> <span class='ocrx_word' id='word_1_192' title='bbox 1193 2778 1330 2847; x_wconf 84' lang='lat' dir='ltr'><strong>Claudio</strong></span> <span class='ocrx_word' id='word_1_193' title='bbox 1349 2804 1379 2851; x_wconf 91' lang='lat'><strong>11</strong></span> 
     </span>
     <span class='ocr_line' id='line_1_25' title="bbox 302 2876 1330 2968; baseline -0.004 -23"><span class='ocrx_word' id='word_1_194' title='bbox 302 2889 510 2968; x_wconf 89' lang='lat' dir='ltr'><strong>prorogatum</strong></span> <span class='ocrx_word' id='word_1_195' title='bbox 528 2889 577 2943; x_wconf 91' lang='lat' dir='ltr'><strong>est</strong></span> <span class='ocrx_word' id='word_1_196' title='bbox 596 2878 766 2964; x_wconf 89' lang='lat' dir='ltr'><strong>imperium</strong></span> <span class='ocrx_word' id='word_1_197' title='bbox 782 2877 816 2941; x_wconf 90' lang='lat' dir='ltr'><strong>in</strong></span> <span class='ocrx_word' id='word_1_198' title='bbox 833 2876 867 2939; x_wconf 87' lang='lat' dir='ltr'><strong>id</strong></span> <span class='ocrx_word' id='word_1_199' title='bbox 890 2887 1031 2962; x_wconf 88' lang='lat' dir='ltr'><strong>tempus,</strong></span> <span class='ocrx_word' id='word_1_200' title='bbox 1058 2898 1122 2962; x_wconf 94' lang='lat' dir='ltr'><strong>quo</strong></span> <span class='ocrx_word' id='word_1_201' title='bbox 1144 2876 1178 2940; x_wconf 92' lang='lat' dir='ltr'><strong>in</strong></span> <span class='ocrx_word' id='word_1_202' title='bbox 1201 2876 1330 2962; x_wconf 88' lang='lat' dir='ltr'><strong>provin·</strong></span> 
     </span>
     <span class='ocr_line' id='line_1_26' title="bbox 303 2973 680 3043; baseline -0.013 -1"><span class='ocrx_word' id='word_1_203' title='bbox 303 2975 384 3043; x_wconf 70' lang='lat' dir='ltr'><strong>uam</strong></span> <span class='ocrx_word' id='word_1_204' title='bbox 402 2974 516 3039; x_wconf 92' lang='lat' dir='ltr'><strong>consul</strong></span> <span class='ocrx_word' id='word_1_205' title='bbox 532 2973 680 3039; x_wconf 82' lang='lat' dir='ltr'><strong>venisset.</strong></span> 
     </span>
    </p>

    <p class='ocr_par' dir='ltr' id='par_1_5' title="bbox 304 3062 1364 3817">
     <span class='ocr_line' id='line_1_27' title="bbox 364 3062 1362 3152; baseline -0.004 -16"><span class='ocrx_word' id='word_1_206' title='bbox 364 3067 447 3136; x_wconf 88' lang='lat' dir='ltr'><strong>XV.</strong></span> <span class='ocrx_word' id='word_1_207' title='bbox 474 3067 565 3133; x_wconf 90' lang='lat' dir='ltr'><strong>Dum</strong></span> <span class='ocrx_word' id='word_1_208' title='bbox 582 3066 621 3134; x_wconf 87' lang='lat' dir='ltr'><strong>de</strong></span> <span class='ocrx_word' id='word_1_209' title='bbox 643 3067 683 3132; x_wconf 91' lang='lat' dir='ltr'><strong>iis</strong></span> <span class='ocrx_word' id='word_1_210' title='bbox 700 3066 796 3131; x_wconf 89' lang='lat' dir='ltr'><strong>rebus</strong></span> <span class='ocrx_word' id='word_1_211' title='bbox 815 3064 839 3152; x_wconf 90' lang='lat'>[</span> <span class='ocrx_word' id='word_1_212' title='bbox 864 3063 880 3151; x_wconf 90' lang='lat'>]</span> <span class='ocrx_word' id='word_1_213' title='bbox 899 3077 1010 3132; x_wconf 84' lang='lat' dir='ltr'><strong>senat-u</strong></span> <span class='ocrx_word' id='word_1_214' title='bbox 1029 3066 1149 3152; x_wconf 88' lang='lat' dir='ltr'><strong>agitur,</strong></span> <span class='ocrx_word' id='word_1_215' title='bbox 1168 3062 1229 3129; x_wconf 85' lang='lat' dir='ltr'><strong>Cn.</strong></span> <span class='ocrx_word' id='word_1_216' title='bbox 1249 3062 1330 3128; x_wconf 84' lang='lat' dir='ltr'><strong>Cor·</strong></span> <span class='ocrx_word' id='word_1_217' title='bbox 1349 3088 1362 3132; x_wconf 95' lang='lat'>1</span> 
     </span>
     <span class='ocr_line' id='line_1_28' title="bbox 304 3162 1328 3247; baseline -0.01 -16"><span class='ocrx_word' id='word_1_218' title='bbox 304 3166 404 3232; x_wconf 86' lang='lat' dir='ltr'><strong>nelius</strong></span> <span class='ocrx_word' id='word_1_219' title='bbox 431 3175 584 3231; x_wconf 86' lang='lat' dir='ltr'><strong>evocatus</strong></span> <span class='ocrx_word' id='word_1_220' title='bbox 611 3186 631 3227; x_wconf 88' lang='lat' dir='ltr'><strong>a</strong></span> <span class='ocrx_word' id='word_1_221' title='bbox 655 3162 791 3239; x_wconf 85' lang='lat' dir='ltr'><strong>viatore,</strong></span> <span class='ocrx_word' id='word_1_222' title='bbox 819 3183 893 3226; x_wconf 92' lang='lat' dir='ltr'><strong>oum</strong></span> <span class='ocrx_word' id='word_1_223' title='bbox 920 3162 1038 3246; x_wconf 89' lang='lat' dir='ltr'><strong>templo</strong></span> <span class='ocrx_word' id='word_1_224' title='bbox 1061 3182 1207 3247; x_wconf 87' lang='lat' dir='ltr'><strong>egressus</strong></span> <span class='ocrx_word' id='word_1_225' title='bbox 1235 3169 1328 3235; x_wconf 87' lang='lat' dir='ltr'><strong>esset,</strong></span> 
     </span>
     <span class='ocr_line' id='line_1_29' title="bbox 307 3255 1329 3345; baseline -0.009 -20"><span class='ocrx_word' id='word_1_226' title='bbox 307 3260 397 3345; x_wconf 79' lang='lat' dir='ltr'><strong>paulo</strong></span> <span class='ocrx_word' id='word_1_227' title='bbox 415 3269 491 3345; x_wconf 89' lang='lat' dir='ltr'><strong>post</strong></span> <span class='ocrx_word' id='word_1_228' title='bbox 507 3256 601 3323; x_wconf 88' lang='lat' dir='ltr'><strong>rediit</strong></span> <span class='ocrx_word' id='word_1_229' title='bbox 618 3257 752 3322; x_wconf 84' lang='lat' dir='ltr'><strong>confuso</strong></span> <span class='ocrx_word' id='word_1_230' title='bbox 769 3256 861 3321; x_wconf 85' lang='lat' dir='ltr'><strong>vultu</strong></span> <span class='ocrx_word' id='word_1_231' title='bbox 879 3266 910 3322; x_wconf 86' lang='lat' dir='ltr'><strong>et</strong></span> <span class='ocrx_word' id='word_1_232' title='bbox 928 3257 1075 3341; x_wconf 85' lang='lat' dir='ltr'><strong>exposuit</strong></span> <span class='ocrx_word' id='word_1_233' title='bbox 1092 3255 1235 3341; x_wconf 89' lang='lat' dir='ltr'><strong>patribus</strong></span> <span class='ocrx_word' id='word_1_234' title='bbox 1253 3274 1329 3318; x_wconf 92' lang='lat' dir='ltr'><strong>con-</strong></span> 
     </span>
     <span class='ocr_line' id='line_1_30' title="bbox 310 3347 1329 3440; baseline -0.007 -21"><span class='ocrx_word' id='word_1_235' title='bbox 310 3354 439 3440; x_wconf 88' lang='lat' dir='ltr'><strong>scriptis,</strong></span> <span class='ocrx_word' id='word_1_236' title='bbox 457 3351 551 3417; x_wconf 90' lang='lat' dir='ltr'><strong>bovis</strong></span> <span class='ocrx_word' id='word_1_237' title='bbox 569 3351 760 3417; x_wconf 85' lang='lat' dir='ltr'><strong>sescennalis</strong></span> <span class='ocrx_word' id='word_1_238' title='bbox 774 3372 871 3434; x_wconf 92' lang='lat' dir='ltr'><strong>quem</strong></span> <span class='ocrx_word' id='word_1_239' title='bbox 887 3350 1105 3414; x_wconf 86' lang='lat' dir='ltr'><strong>inmolavisset</strong></span> <span class='ocrx_word' id='word_1_240' title='bbox 1121 3349 1210 3414; x_wconf 90' lang='lat' dir='ltr'><strong>iecur</strong></span> <span class='ocrx_word' id='word_1_241' title='bbox 1223 3347 1329 3412; x_wconf 84' lang='lat' dir='ltr'><strong>difflu-</strong></span> 
     </span>
     <span class='ocr_line' id='line_1_31' title="bbox 312 3443 1363 3531; baseline -0.005 -19"><span class='ocrx_word' id='word_1_242' title='bbox 312 3448 397 3514; x_wconf 85' lang='lat' dir='ltr'><strong>xisse.</strong></span> <span class='ocrx_word' id='word_1_243' title='bbox 424 3448 459 3514; x_wconf 89' lang='lat' dir='ltr'><strong>id</strong></span> <span class='ocrx_word' id='word_1_244' title='bbox 477 3471 512 3513; x_wconf 89' lang='lat' dir='ltr'><strong>se</strong></span> <span class='ocrx_word' id='word_1_245' title='bbox 529 3446 704 3513; x_wconf 86' lang='lat' dir='ltr'><strong>victimario</strong></span> <span class='ocrx_word' id='word_1_246' title='bbox 722 3446 881 3511; x_wconf 80' lang='lat' dir='ltr'><strong>nuntianti</strong></span> <span class='ocrx_word' id='word_1_247' title='bbox 897 3467 1012 3531; x_wconf 89' lang='lat' dir='ltr'><strong>parum</strong></span> <span class='ocrx_word' id='word_1_248' title='bbox 1026 3445 1207 3511; x_wconf 80' lang='lat' dir='ltr'><strong>credentem</strong></span> <span class='ocrx_word' id='word_1_249' title='bbox 1224 3443 1329 3529; x_wconf 90' lang='lat' dir='ltr'><strong>ipsum</strong></span> <span class='ocrx_word' id='word_1_250' title='bbox 1348 3462 1363 3507; x_wconf 81' lang='lat'><strong>2</strong></span> 
     </span>
     <span class='ocr_line' id='line_1_32' title="bbox 315 3538 1331 3627; baseline -0.007 -18"><span class='ocrx_word' id='word_1_251' title='bbox 315 3563 422 3627; x_wconf 84' lang='lat' dir='ltr'><strong>squem</strong></span> <span class='ocrx_word' id='word_1_252' title='bbox 440 3541 563 3609; x_wconf 84' lang='lat' dir='ltr'><strong>effundi</strong></span> <span class='ocrx_word' id='word_1_253' title='bbox 585 3565 626 3608; x_wconf 90' lang='lat' dir='ltr'><strong>ex</strong></span> <span class='ocrx_word' id='word_1_254' title='bbox 643 3542 720 3618; x_wconf 87' lang='lat' dir='ltr'><strong>olla,</strong></span> <span class='ocrx_word' id='word_1_255' title='bbox 738 3541 795 3606; x_wconf 92' lang='lat' dir='ltr'><strong>ubi</strong></span> <span class='ocrx_word' id='word_1_256' title='bbox 812 3551 887 3605; x_wconf 87' lang='lat' dir='ltr'><strong>exta</strong></span> <span class='ocrx_word' id='word_1_257' title='bbox 905 3553 1129 3624; x_wconf 83' lang='lat' dir='ltr'><strong>coquerentur,</strong></span> <span class='ocrx_word' id='word_1_258' title='bbox 1151 3538 1281 3604; x_wconf 89' lang='lat' dir='ltr'><strong>iussisse</strong></span> <span class='ocrx_word' id='word_1_259' title='bbox 1299 3549 1331 3603; x_wconf 90' lang='lat' dir='ltr'><strong>et</strong></span> 
     </span>
     <span class='ocr_line' id='line_1_33' title="bbox 318 3635 1330 3723; baseline -0.002 -25"><span class='ocrx_word' id='word_1_260' title='bbox 318 3636 422 3704; x_wconf 76' lang='lat' dir='ltr'><strong>vidisse</strong></span> <span class='ocrx_word' id='word_1_261' title='bbox 445 3649 586 3703; x_wconf 86' lang='lat' dir='ltr'><strong>ceteram</strong></span> <span class='ocrx_word' id='word_1_262' title='bbox 610 3638 769 3723; x_wconf 86' lang='lat' dir='ltr'><strong>integram</strong></span> <span class='ocrx_word' id='word_1_263' title='bbox 794 3646 919 3722; x_wconf 89' lang='lat' dir='ltr'><strong>partem</strong></span> <span class='ocrx_word' id='word_1_264' title='bbox 941 3646 1101 3712; x_wconf 88' lang='lat' dir='ltr'><strong>extorum,</strong></span> <span class='ocrx_word' id='word_1_265' title='bbox 1127 3635 1215 3699; x_wconf 90' lang='lat' dir='ltr'><strong>iecur</strong></span> <span class='ocrx_word' id='word_1_266' title='bbox 1237 3654 1330 3697; x_wconf 90' lang='lat' dir='ltr'><strong>omne</strong></span> 
     </span>
     <span class='ocr_line' id='line_1_34' title="bbox 320 3726 1364 3817; baseline -0.005 -22"><span class='ocrx_word' id='word_1_267' title='bbox 320 3729 508 3798; x_wconf 86' lang='lat' dir='ltr'><strong>inenarrabili</strong></span> <span class='ocrx_word' id='word_1_268' title='bbox 530 3732 604 3798; x_wconf 89' lang='lat' dir='ltr'><strong>tabe</strong></span> <span class='ocrx_word' id='word_1_269' title='bbox 622 3732 837 3817; x_wconf 88' lang='lat' dir='ltr'><strong>absumptum.</strong></span> <span class='ocrx_word' id='word_1_270' title='bbox 882 3730 998 3796; x_wconf 89' lang='lat' dir='ltr'><strong>territis</strong></span> <span class='ocrx_word' id='word_1_271' title='bbox 1016 3751 1054 3795; x_wconf 90' lang='lat' dir='ltr'><strong>eo</strong></span> <span class='ocrx_word' id='word_1_272' title='bbox 1072 3727 1216 3814; x_wconf 89' lang='lat' dir='ltr'><strong>prodigio</strong></span> <span class='ocrx_word' id='word_1_273' title='bbox 1234 3726 1331 3811; x_wconf 88' lang='lat' dir='ltr'><strong>patri·</strong></span> <span class='ocrx_word' id='word_1_274' title='bbox 1349 3745 1364 3790; x_wconf 86' lang='lat'><strong>3</strong></span> 
     </span>
    </p>

    <p class='ocr_par' dir='ltr' id='par_1_6' title="bbox 285 3821 1332 3909">
     <span class='ocr_line' id='line_1_35' title="bbox 285 3821 1332 3909; baseline -0.009 -17"><span class='ocrx_word' id='word_1_275' title='bbox 285 3887 287 3892; x_wconf 90' lang='lat'><em>.</em></span> <span class='ocrx_word' id='word_1_276' title='bbox 322 3821 383 3905; x_wconf 83' lang='lat' dir='ltr'><strong>bus,</strong></span> <span class='ocrx_word' id='word_1_277' title='bbox 409 3841 441 3893; x_wconf 88' lang='lat' dir='ltr'><strong>et</strong></span> <span class='ocrx_word' id='word_1_278' title='bbox 462 3828 543 3892; x_wconf 87' lang='lat' dir='ltr'><strong>alter</strong></span> <span class='ocrx_word' id='word_1_279' title='bbox 560 3828 670 3891; x_wconf 86' lang='lat' dir='ltr'><strong>consul</strong></span> <span class='ocrx_word' id='word_1_280' title='bbox 693 3848 802 3890; x_wconf 89' lang='lat' dir='ltr'><strong>curam</strong></span> <span class='ocrx_word' id='word_1_281' title='bbox 820 3825 951 3901; x_wconf 88' lang='lat' dir='ltr'><strong>adiecit,</strong></span> <span class='ocrx_word' id='word_1_282' title='bbox 978 3824 1032 3909; x_wconf 92' lang='lat' dir='ltr'><strong>qui</strong></span> <span class='ocrx_word' id='word_1_283' title='bbox 1054 3846 1104 3901; x_wconf 92' lang='lat' dir='ltr'><strong>se,</strong></span> <span class='ocrx_word' id='word_1_284' title='bbox 1132 3823 1219 3906; x_wconf 91' lang='lat' dir='ltr'><strong>quod</strong></span> <span class='ocrx_word' id='word_1_285' title='bbox 1236 3832 1332 3906; x_wconf 90' lang='lat' dir='ltr'><strong>caput</strong></span> 
     </span>
    </p>

    <p class='ocr_par' dir='ltr' id='par_1_7' title="bbox 285 3907 1364 4195">
     <span class='ocr_line' id='line_1_36' title="bbox 285 3907 1364 4005; baseline -0.011 -17"><span class='ocrx_word' id='word_1_286' title='bbox 285 3907 291 3964; x_wconf 75' lang='lat' dir='ltr'><strong>l</strong></span> <span class='ocrx_word' id='word_1_287' title='bbox 324 3916 435 3988; x_wconf 73' lang='lat' dir='ltr'><strong>iocineri</strong></span> <span class='ocrx_word' id='word_1_288' title='bbox 453 3921 621 3999; x_wconf 74' lang='lat' dir='ltr'><strong>detineret,</strong></span> <span class='ocrx_word' id='word_1_289' title='bbox 640 3920 741 3985; x_wconf 83' lang='lat' dir='ltr'><strong>tribus</strong></span> <span class='ocrx_word' id='word_1_290' title='bbox 758 3920 865 3985; x_wconf 88' lang='lat' dir='ltr'><strong>bubus</strong></span> <span class='ocrx_word' id='word_1_291' title='bbox 882 3919 1046 4005; x_wconf 89' lang='lat' dir='ltr'><strong>perlitasse</strong></span> <span class='ocrx_word' id='word_1_292' title='bbox 1064 3916 1202 4003; x_wconf 83' lang='lat' dir='ltr'><strong>negavit.</strong></span> <span class='ocrx_word' id='word_1_293' title='bbox 1239 3936 1330 3979; x_wconf 87' lang='lat' dir='ltr'><strong>sena·</strong></span> <span class='ocrx_word' id='word_1_294' title='bbox 1348 3932 1364 3977; x_wconf 81' lang='lat'>4</span> 
     </span>
     <span class='ocr_line' id='line_1_37' title="bbox 325 4008 1329 4099; baseline -0.006 -23"><span class='ocrx_word' id='word_1_295' title='bbox 325 4023 363 4079; x_wconf 88' lang='lat' dir='ltr'><strong>tus</strong></span> <span class='ocrx_word' id='word_1_296' title='bbox 376 4015 548 4082; x_wconf 83' lang='lat' dir='ltr'><strong>maioribus</strong></span> <span class='ocrx_word' id='word_1_297' title='bbox 565 4015 666 4079; x_wconf 81' lang='lat' dir='ltr'><strong>hostis</strong></span> <span class='ocrx_word' id='word_1_298' title='bbox 680 4033 783 4099; x_wconf 87' lang='lat' dir='ltr'><strong>usque</strong></span> <span class='ocrx_word' id='word_1_299' title='bbox 796 4015 837 4079; x_wconf 89' lang='lat' dir='ltr'><strong>ad</strong></span> <span class='ocrx_word' id='word_1_300' title='bbox 854 4013 1029 4079; x_wconf 89' lang='lat' dir='ltr'><strong>litationem</strong></span> <span class='ocrx_word' id='word_1_301' title='bbox 1044 4011 1212 4078; x_wconf 84' lang='lat' dir='ltr'><strong>sacrificari</strong></span> <span class='ocrx_word' id='word_1_302' title='bbox 1228 4008 1329 4072; x_wconf 76' lang='lat' dir='ltr'><strong>iussit</strong></span> 
     </span>
     <span class='ocr_line' id='line_1_38' title="bbox 325 4103 1331 4195; baseline -0.004 -24"><span class='ocrx_word' id='word_1_303' title='bbox 325 4111 419 4175; x_wconf 76' lang='lat' dir='ltr'><strong>ueteris</strong></span> <span class='ocrx_word' id='word_1_304' title='bbox 436 4110 497 4175; x_wconf 85' lang='lat' dir='ltr'><strong>diis</strong></span> <span class='ocrx_word' id='word_1_305' title='bbox 519 4109 703 4195; x_wconf 87' lang='lat' dir='ltr'><strong>perlitatum</strong></span> <span class='ocrx_word' id='word_1_306' title='bbox 720 4108 843 4185; x_wconf 88' lang='lat' dir='ltr'><strong>ferunt,</strong></span> <span class='ocrx_word' id='word_1_307' title='bbox 863 4107 967 4175; x_wconf 88' lang='lat' dir='ltr'><strong>Saluti</strong></span> <span class='ocrx_word' id='word_1_308' title='bbox 984 4108 1147 4173; x_wconf 89' lang='lat' dir='ltr'><strong>Petillium</strong></span> <span class='ocrx_word' id='word_1_309' title='bbox 1166 4103 1331 4190; x_wconf 88' lang='lat' dir='ltr'><strong>perlitasse</strong></span> 
     </span>
    </p>

    <p class='ocr_par' dir='ltr' id='par_1_8' title="bbox 285 4196 1364 4386">
     <span class='ocr_line' id='line_1_39' title="bbox 285 4196 1332 4291; baseline -0.006 -25"><span class='ocrx_word' id='word_1_310' title='bbox 285 4223 287 4240; x_wconf 79' lang='lat'><strong>¹</strong></span> <span class='ocrx_word' id='word_1_311' title='bbox 324 4216 436 4289; x_wconf 84' lang='lat' dir='ltr'><strong>regant.</strong></span> <span class='ocrx_word' id='word_1_312' title='bbox 459 4203 534 4270; x_wconf 88' lang='lat' dir='ltr'><strong>inde</strong></span> <span class='ocrx_word' id='word_1_313' title='bbox 549 4205 695 4270; x_wconf 89' lang='lat' dir='ltr'><strong>consules</strong></span> <span class='ocrx_word' id='word_1_314' title='bbox 708 4215 933 4291; x_wconf 89' lang='lat' dir='ltr'><strong>praetoresque</strong></span> <span class='ocrx_word' id='word_1_315' title='bbox 946 4202 1125 4289; x_wconf 86' lang='lat' dir='ltr'><strong>provincias</strong></span> <span class='ocrx_word' id='word_1_316' title='bbox 1139 4198 1249 4265; x_wconf 87' lang='lat' dir='ltr'><strong>sortiti.</strong></span> <span class='ocrx_word' id='word_1_317' title='bbox 1276 4196 1332 4261; x_wconf 92' lang='lat' dir='ltr'><strong>Pi-</strong></span> 
     </span>
     <span class='ocr_line' id='line_1_40' title="bbox 322 4296 1364 4386; baseline -0.007 -24"><span class='ocrx_word' id='word_1_318' title='bbox 322 4315 365 4362; x_wconf 77' lang='lat' dir='ltr'><strong>rae</strong></span> <span class='ocrx_word' id='word_1_319' title='bbox 381 4297 441 4366; x_wconf 82' lang='lat' dir='ltr'><strong>Cn.</strong></span> <span class='ocrx_word' id='word_1_320' title='bbox 457 4296 618 4377; x_wconf 84' lang='lat' dir='ltr'><strong>Cornelio,</strong></span> <span class='ocrx_word' id='word_1_321' title='bbox 636 4298 775 4386; x_wconf 83' lang='lat' dir='ltr'><strong>Ligures</strong></span> <span class='ocrx_word' id='word_1_322' title='bbox 789 4298 917 4366; x_wconf 88' lang='lat' dir='ltr'><strong>Petillio</strong></span> <span class='ocrx_word' id='word_1_323' title='bbox 936 4298 1142 4364; x_wconf 87' lang='lat' dir='ltr'><strong>obvenerunt.</strong></span> <span class='ocrx_word' id='word_1_324' title='bbox 1169 4304 1330 4380; x_wconf 89' lang='lat' dir='ltr'><strong>praetores</strong></span> <span class='ocrx_word' id='word_1_325' title='bbox 1348 4307 1364 4355; x_wconf 83' lang='lat'><strong>5</strong></span> 
     </span>
    </p>
   </div>
   <div class='ocr_carea' id='block_1_4' title="bbox 0 0 1689 5092">
    <p class='ocr_par' dir='ltr' id='par_1_9' title="bbox 0 0 1689 5092">
     <span class='ocr_line' id='line_1_41' title="bbox 0 0 1689 5092; baseline 0 0"><span class='ocrx_word' id='word_1_326' title='bbox 0 0 1689 5092; x_wconf 95' lang='lat' dir='ltr'><strong> </strong></span> 
     </span>
    </p>
   </div>
  </div>
 </body>
</html>
