3359 5092
432 541 496 610 186
637 551 1244 622 LmERXXXXV,36.3t:[enc.58't]

431 712 579 778 licentiae
600 723 697 794 atque
714 710 866 775 avaritiae
889 710 1026 774 militari.
1069 730 1155 773 nunc
1172 710 1267 774 nimis
1289 731 1380 795 saepe

433 806 638 872 ambitionem
649 805 790 889 peccari:
808 804 897 887 quid,
911 804 938 868 si
952 804 1073 868 domini
1085 803 1201 869 milites
1213 804 1380 888 imperator

431 900 655 987 imponantur?
676 900 711 964 in
730 897 871 964 Galbam
888 920 946 983 pro
963 922 997 964 se
1016 900 1150 982 quisque
1167 897 1287 983 probra
1304 898 1380 983 inge:

400 996 561 1064 stendem
583 994 645 1059 hoc
666 994 806 1057 tumultu
828 992 940 1058 sedato
957 993 1006 1056 M.
1026 991 1197 1069 Servilius,
1225 991 1281 1076 qni
1299 1014 1380 1057 const

432 1089 585 1175 magister
607 1088 750 1171 equitum
771 1087 890 1164 litent,
916 1100 953 1151 ut
970 1088 1011 1152 de
1032 1087 1157 1172 integro
1174 1109 1247 1152 eam
1268 1083 1363 1172 [rem]

432 1199 503 1250 rent
536 1182 579 1247 ab
609 1182 745 1247 tribunis
774 1197 883 1267 petere
914 1181 1103 1264 dicendique
1135 1180 1197 1245 sibi
1228 1181 1271 1244 sd
1306 1202 1380 1266 popt

382 1301 415 1348 to
431 1288 622 1366 potestatem
643 1276 795 1341 facerent.
840 1275 961 1340 tribuni
982 1298 1057 1341 cum
1083 1276 1124 1340 ud
1146 1275 1380 1340 deliberandun

431 1373 612 1448 cessissent,
628 1371 705 1435 uicti
722 1369 963 1434 auctoritatibus
977 1370 1158 1455 principum
1170 1368 1211 1434 de
1224 1369 1350 1454 integro
1364 1392 1380 1432 a

431 1478 605 1553 coepenmt
634 1477 901 1547 revocaturosque
933 1486 968 1528 se
1000 1465 1129 1529 easdem
1159 1464 1263 1527 tribus
1298 1486 1380 1529 renut

430 1575 521 1637 runt,
547 1561 575 1624 si
596 1559 648 1624 M.
667 1556 822 1625 Servilius
840 1558 947 1641 alique
967 1558 1101 1643 privati,
1128 1558 1184 1641 qui
1201 1557 1310 1623 dicere
1332 1557 1380 1622 vel

431 1654 595 1719 dixissent.

398 1771 410 1816 1
493 1747 684 1814 XXXVII.
713 1744 815 1833 [Tum
841 1745 1010 1833 Servilius]
1040 1754 1192 1830 ‘quantus
1218 1747 1380 1833 imperato:

428 1843 589 1907 Aemilius
610 1841 723 1918 fuerit,
748 1839 909 1922 Quirites,
937 1842 963 1906 si
986 1864 1027 1907 ex
1049 1841 1112 1906 alia
1133 1865 1168 1906 re
1185 1843 1275 1906 nulla
1300 1841 1380 1906 aesti

428 1937 544 2023 possit,
570 1937 624 2001 rel
644 1936 707 2001 hoc
729 1936 807 2000 satis
829 1952 912 2012 erat,
939 1937 1026 2019 quod
1049 1959 1123 2001 cum
1149 1951 1214 2000 tam
1237 1936 1380 2002 seditiose

429 2033 517 2097 leves
538 2031 670 2106 milites,
695 2043 762 2095 tam
782 2030 939 2107 nobilem,
964 2043 1032 2095 tam
1058 2031 1277 2107 temerarium,
1306 2045 1370 2095 tam

429 2137 581 2210 quentem
603 2124 647 2189 ad
666 2125 882 2210 instigandam
903 2125 1139 2191 multitudinem
1160 2127 1329 2191 inimicum
1350 2128 1380 2189 in

429 2220 503 2284 stris
537 2218 686 2295 baberet,
720 2218 842 2284 nullam
875 2219 909 2283 in
939 2220 1081 2284 exercitu
1112 2220 1302 2286 seditionem
1337 2221 1377 2284 ha

395 2332 411 2380 2
428 2313 541 2380 eadem
562 2314 714 2379 severitas
735 2313 877 2399 imperii,
903 2335 1002 2397 quam
1022 2335 1108 2378 nunc
1130 2314 1281 2392 oderunt,
1310 2328 1377 2379 tum

429 2408 594 2473 continuit.
637 2408 747 2492 itaque
776 2408 908 2491 antiqua
933 2408 1101 2494 disciplina
1130 2409 1231 2474 habiti
1258 2411 1380 2494 quisve]

394 2519 410 2567 8
429 2500 562 2568 Servius
577 2502 708 2585 quidem
726 2499 851 2578 Galba,
873 2502 901 2567 si
921 2502 956 2567 in
972 2502 1014 2567 L.
1031 2502 1136 2567 Paulo
1155 2506 1331 2569 accusandi
1352 2505 1380 2568 ti

428 2595 518 2660 nium
544 2618 662 2681 ponere
688 2608 722 2662 et
750 2596 977 2662 documentum
1007 2597 1207 2681 eloquentiae
1240 2600 1318 2664 dare
1348 2620 1380 2662 vt

427 2712 492 2753 non
518 2689 715 2774 triumphum
740 2690 884 2776 inpedire
911 2690 1036 2766 debuit,
1062 2713 1174 2774 quem,
1200 2693 1228 2756 si
1254 2693 1336 2757 nibil
1362 2716 1380 2756 a

393 2805 411 2849 4
428 2801 557 2848 senatus
583 2783 705 2848 instnm
726 2806 797 2849 esse
818 2783 1031 2862 iudicaverat,
1055 2786 1114 2851 sed
1135 2798 1266 2871 postero
1289 2788 1341 2852 die
1363 2808 1380 2870 q

428 2875 660 2960 triumphatum
677 2889 776 2954 esset,
801 2878 962 2963 privatum
979 2901 1054 2944 cnm
1070 2879 1199 2945 visurus
1217 2895 1317 2958 esset,
1343 2903 1380 2945 nc

428 2968 566 3035 deferret
588 2981 621 3036 et
641 2970 768 3056 legibus
790 2972 1016 3059 interrogaret,
1042 2985 1100 3038 aut
1121 2975 1223 3040 serius
1246 2977 1360 3061 paulo,

427 3062 567 3149 primum
583 3066 789 3150 magistratus
809 3066 879 3152 ipse
897 3067 1048 3153 cepisset,
1074 3068 1160 3133 diem
1179 3070 1304 3135 diceret
1322 3070 1380 3134 inin

393 3177 502 3225 teum
527 3159 571 3224 ad
594 3160 750 3245 populum
775 3177 949 3228 accusaret.
993 3163 1038 3227 ita
1060 3175 1094 3229 et
1114 3164 1255 3248 pretium
1273 3179 1360 3230 recte

427 3252 625 3337 triumphum
641 3253 774 3320 baberet
790 3254 833 3318 L.
848 3254 972 3321 Paulus
989 3279 1047 3342 pro
1065 3257 1195 3343 egregie
1214 3258 1301 3323 bello
1320 3275 1380 3344 gest

426 3367 580 3429 poenam,
606 3347 634 3412 si
656 3348 784 3431 quidet
807 3361 915 3414 vetere
936 3350 1039 3435 gloria
1057 3366 1165 3416 suaet
1187 3373 1274 3416 nova
1292 3352 1380 3437 indig

394 3457 409 3504 t
427 3437 565 3504 fecisset.
591 3442 650 3505 sed
665 3443 829 3518 videlicet,
848 3445 900 3508 cui
917 3444 1038 3510 crimen
1053 3445 1190 3522 nullum,
1210 3443 1366 3533 [nullum]

427 3530 522 3596 brum
539 3532 645 3598 dicere
661 3547 800 3619 poterat,
821 3536 890 3602 eius
908 3538 1085 3604 obtrectare
1101 3539 1214 3606 landes
1234 3541 1347 3606 voluit.
1373 3563 1380 3603 t

427 3624 589 3710 integrum
604 3626 751 3694 hesterno
764 3630 816 3695 die
826 3624 899 3716 [ad]
914 3634 1131 3698 accusandum
1140 3634 1181 3698 L.
1192 3634 1337 3700 Paulum
1353 3659 1380 3721 p

428 3731 579 3801 quattuor
595 3718 704 3798 horas,
721 3735 877 3807 quantum
895 3738 1059 3811 supererat
1075 3727 1154 3804 diei,
1173 3729 1311 3796 dicendo
1331 3731 1380 3796 abt

395 3813 501 3898 tpsit.
543 3812 617 3897 quis
641 3837 795 3899 umquam
820 3829 887 3883 tam
912 3841 1031 3885 nocens
1056 3844 1131 3887 reus
1157 3823 1235 3901 tuit,
1263 3826 1356 3890 cuius

427 3906 512 3974 vitae
528 3918 578 3972 tot
593 3906 680 3974 horis
693 3912 838 3996 expromi
850 3934 916 3978 non
931 3917 1080 4000 possent?
1101 3918 1182 4002 quid
1199 3920 1329 3986 interim
1343 3919 1380 3984 oh

393 4019 410 4070 t
427 4002 515 4084 quod
530 4002 574 4066 1.
590 4000 731 4081 Paulus,
757 4005 785 4070 si
806 4027 937 4073 causam
954 4008 1053 4086 dicat,
1080 4025 1236 4097 negatum
1254 4014 1352 4079 velit?
1378 4047 1380 4066 ·

426 4095 505 4160 mibi
530 4096 647 4181 aliquis
672 4098 836 4166 contiones
856 4122 1029 4188 parumper
1054 4104 1166 4182 faciat,
1193 4129 1293 4172 unam
1322 4107 1380 4172 mil

282 4233 287 4240 -
427 4187 727 4270 Macedonicorum,
747 4215 862 4280 puram
884 4196 1015 4262 alteram
1038 4198 1220 4285 integrioris
1243 4202 1380 4266 iudiciis

426 4303 503 4350 vore
523 4297 556 4350 cl
576 4286 667 4366 odio,
692 4287 833 4354 universi
853 4291 965 4376 populi
980 4291 1130 4360 Romani.
1175 4309 1255 4382 aput
1277 4296 1380 4363 contio
