<?xml version="1.0" encoding="UTF-8"?>
<!DOCTYPE html PUBLIC "-//W3C//DTD XHTML 1.0 Transitional//EN"
    "http://www.w3.org/TR/xhtml1/DTD/xhtml1-transitional.dtd">
<html xmlns="http://www.w3.org/1999/xhtml" xml:lang="en" lang="en">
 <head>
  <title>
</title>
<meta http-equiv="Content-Type" content="text/html;charset=utf-8" />
  <meta name='ocr-system' content='tesseract 3.04.00' />
  <meta name='ocr-capabilities' content='ocr_page ocr_carea ocr_par ocr_line ocrx_word'/>
</head>
<body>
  <div class='ocr_page' id='page_1' title='image "./titiliviaburbec02weisgoog_0258.png"; bbox 0 0 3359 5092; ppageno 0'>
   <div class='ocr_carea' id='block_1_1' title="bbox 352 531 1184 616">
    <p class='ocr_par' dir='ltr' id='par_1_1' title="bbox 352 531 1184 616">
     <span class='ocr_line' id='line_1_1' title="bbox 352 531 1184 616; baseline 0.002 -16"><span class='ocrx_word' id='word_1_1' title='bbox 352 531 430 600; x_wconf 81' lang='lat'>-184</span> <span class='ocrx_word' id='word_1_2' title='bbox 565 545 858 616; x_wconf 81' lang='lat' dir='ltr'>LIBEBXXXXV,</span> <span class='ocrx_word' id='word_1_3' title='bbox 877 545 919 600; x_wconf 65' lang='lat'>34</span> <span class='ocrx_word' id='word_1_4' title='bbox 934 545 978 602; x_wconf 80' lang='lat'>³5.</span> <span class='ocrx_word' id='word_1_5' title='bbox 996 545 1184 614; x_wconf 58' lang='lat' dir='ltr'>[samber]</span> 
     </span>
    </p>
   </div>
   <div class='ocr_carea' id='block_1_2' title="bbox 312 701 1388 4074">
    <p class='ocr_par' dir='ltr' id='par_1_2' title="bbox 361 701 1378 874">
     <span class='ocr_line' id='line_1_2' title="bbox 361 701 1378 795; baseline -0.002 -25"><span class='ocrx_word' id='word_1_6' title='bbox 361 701 466 791; x_wconf 87' lang='lat' dir='ltr'>natui]</span> <span class='ocrx_word' id='word_1_7' title='bbox 485 715 672 780; x_wconf 77' lang='lat' dir='ltr'>reservarat,</span> <span class='ocrx_word' id='word_1_8' title='bbox 690 714 723 768; x_wconf 93' lang='lat' dir='ltr'>et</span> <span class='ocrx_word' id='word_1_9' title='bbox 739 702 808 795; x_wconf 88' lang='lat' dir='ltr'>ipse</span> <span class='ocrx_word' id='word_1_10' title='bbox 820 702 958 768; x_wconf 89' lang='lat' dir='ltr'>navibus</span> <span class='ocrx_word' id='word_1_11' title='bbox 976 704 1161 788; x_wconf 87' lang='lat' dir='ltr'>expectatis,</span> <span class='ocrx_word' id='word_1_12' title='bbox 1179 703 1296 789; x_wconf 90' lang='lat' dir='ltr'>quibus</span> <span class='ocrx_word' id='word_1_13' title='bbox 1314 726 1378 768; x_wconf 88' lang='lat' dir='ltr'>usus</span> 
     </span>
     <span class='ocr_line' id='line_1_3' title="bbox 362 797 1212 874; baseline -0.002 -10"><span class='ocrx_word' id='word_1_14' title='bbox 362 798 594 864; x_wconf 75' lang='lat' dir='ltr'>Macedonicis</span> <span class='ocrx_word' id='word_1_15' title='bbox 612 797 771 863; x_wconf 87' lang='lat' dir='ltr'>exercitus</span> <span class='ocrx_word' id='word_1_16' title='bbox 788 809 866 874; x_wconf 89' lang='lat' dir='ltr'>erat,</span> <span class='ocrx_word' id='word_1_17' title='bbox 884 798 918 862; x_wconf 92' lang='lat' dir='ltr'>in</span> <span class='ocrx_word' id='word_1_18' title='bbox 935 797 1062 862; x_wconf 89' lang='lat' dir='ltr'>Italiam</span> <span class='ocrx_word' id='word_1_19' title='bbox 1079 798 1212 863; x_wconf 84' lang='lat' dir='ltr'>traiecit.</span> 
     </span>
    </p>

    <p class='ocr_par' dir='ltr' id='par_1_3' title="bbox 313 891 1375 1073">
     <span class='ocr_line' id='line_1_4' title="bbox 313 891 1375 978; baseline -0.006 -16"><span class='ocrx_word' id='word_1_20' title='bbox 313 913 346 962; x_wconf 83' lang='grc' dir='ltr'>ιο</span> <span class='ocrx_word' id='word_1_21' title='bbox 429 891 515 958; x_wconf 84' lang='grc' dir='ltr'>Οιιιιι</span> <span class='ocrx_word' id='word_1_22' title='bbox 530 893 613 958; x_wconf 87' lang='lat' dir='ltr'>haec</span> <span class='ocrx_word' id='word_1_23' title='bbox 629 892 664 955; x_wconf 96' lang='lat' dir='ltr'>in</span> <span class='ocrx_word' id='word_1_24' title='bbox 680 892 876 958; x_wconf 90' lang='lat' dir='ltr'>Macedonia</span> <span class='ocrx_word' id='word_1_25' title='bbox 892 891 1056 978; x_wconf 81' lang='lat' dir='ltr'>Epiroque</span> <span class='ocrx_word' id='word_1_26' title='bbox 1073 904 1165 978; x_wconf 85' lang='lat' dir='ltr'>gesta</span> <span class='ocrx_word' id='word_1_27' title='bbox 1182 903 1271 969; x_wconf 93' lang='lat' dir='ltr'>sunt,</span> <span class='ocrx_word' id='word_1_28' title='bbox 1293 892 1375 977; x_wconf 86' lang='lat' dir='ltr'>legati</span> 
     </span>
     <span class='ocr_line' id='line_1_5' title="bbox 362 986 1375 1073; baseline -0.003 -19"><span class='ocrx_word' id='word_1_29' title='bbox 362 989 511 1073; x_wconf 90' lang='lat' dir='ltr'>quicum</span> <span class='ocrx_word' id='word_1_30' title='bbox 528 987 641 1052; x_wconf 89' lang='lat' dir='ltr'>Attalo</span> <span class='ocrx_word' id='word_1_31' title='bbox 659 988 702 1051; x_wconf 90' lang='lat' dir='ltr'>ad</span> <span class='ocrx_word' id='word_1_32' title='bbox 722 987 898 1053; x_wconf 85' lang='lat' dir='ltr'>finiendum</span> <span class='ocrx_word' id='word_1_33' title='bbox 921 987 1041 1052; x_wconf 91' lang='lat' dir='ltr'>bellum</span> <span class='ocrx_word' id='word_1_34' title='bbox 1061 988 1145 1053; x_wconf 88' lang='lat' dir='ltr'>inter</span> <span class='ocrx_word' id='word_1_35' title='bbox 1163 986 1277 1054; x_wconf 87' lang='lat' dir='ltr'>Gallos</span> <span class='ocrx_word' id='word_1_36' title='bbox 1294 999 1323 1052; x_wconf 90' lang='lat' dir='ltr'>et</span> <span class='ocrx_word' id='word_1_37' title='bbox 1337 1008 1375 1051; x_wconf 89' lang='lat' dir='ltr'>re·</span> 
     </span>
    </p>

    <p class='ocr_par' dir='ltr' id='par_1_4' title="bbox 313 1082 1373 1546">
     <span class='ocr_line' id='line_1_6' title="bbox 313 1082 1373 1169; baseline -0.006 -18"><span class='ocrx_word' id='word_1_38' title='bbox 313 1103 344 1151; x_wconf 92' lang='lat'>11</span> <span class='ocrx_word' id='word_1_39' title='bbox 361 1106 437 1169; x_wconf 85' lang='lat' dir='ltr'>gem</span> <span class='ocrx_word' id='word_1_40' title='bbox 454 1082 635 1148; x_wconf 82' lang='lat' dir='ltr'><strong>Eumenem</strong></span> <span class='ocrx_word' id='word_1_41' title='bbox 656 1082 746 1147; x_wconf 87' lang='lat' dir='ltr'>missi</span> <span class='ocrx_word' id='word_1_42' title='bbox 767 1093 872 1160; x_wconf 88' lang='lat' dir='ltr'>erant,</span> <span class='ocrx_word' id='word_1_43' title='bbox 895 1082 930 1146; x_wconf 91' lang='lat' dir='ltr'>in</span> <span class='ocrx_word' id='word_1_44' title='bbox 946 1082 1060 1148; x_wconf 86' lang='lat' dir='ltr'>Asiam</span> <span class='ocrx_word' id='word_1_45' title='bbox 1077 1092 1299 1168; x_wconf 86' lang='lat' dir='ltr'>pervenerunt</span> <span class='ocrx_word' id='word_1_46' title='bbox 1337 1082 1373 1145; x_wconf 93' lang='lat' dir='ltr'>in·</span> 
     </span>
     <span class='ocr_line' id='line_1_7' title="bbox 362 1174 1372 1262; baseline -0.001 -21"><span class='ocrx_word' id='word_1_47' title='bbox 362 1177 460 1242; x_wconf 90' lang='lat' dir='ltr'>dutiis</span> <span class='ocrx_word' id='word_1_48' title='bbox 482 1199 541 1262; x_wconf 90' lang='lat' dir='ltr'>per</span> <span class='ocrx_word' id='word_1_49' title='bbox 562 1175 700 1241; x_wconf 82' lang='lat' dir='ltr'>hiemem</span> <span class='ocrx_word' id='word_1_50' title='bbox 722 1175 817 1241; x_wconf 87' lang='lat' dir='ltr'>factis</span> <span class='ocrx_word' id='word_1_51' title='bbox 834 1187 868 1241; x_wconf 93' lang='lat' dir='ltr'>et</span> <span class='ocrx_word' id='word_1_52' title='bbox 885 1174 973 1241; x_wconf 89' lang='lat' dir='ltr'>Galli</span> <span class='ocrx_word' id='word_1_53' title='bbox 990 1176 1101 1241; x_wconf 87' lang='lat' dir='ltr'>domos</span> <span class='ocrx_word' id='word_1_54' title='bbox 1120 1176 1265 1241; x_wconf 87' lang='lat' dir='ltr'>abierant</span> <span class='ocrx_word' id='word_1_55' title='bbox 1286 1187 1316 1241; x_wconf 89' lang='lat' dir='ltr'>et</span> <span class='ocrx_word' id='word_1_56' title='bbox 1329 1197 1372 1240; x_wconf 87' lang='lat' dir='ltr'>rex</span> 
     </span>
     <span class='ocr_line' id='line_1_8' title="bbox 361 1270 1371 1357; baseline -0.002 -21"><span class='ocrx_word' id='word_1_57' title='bbox 361 1272 397 1336; x_wconf 93' lang='lat' dir='ltr'>in</span> <span class='ocrx_word' id='word_1_58' title='bbox 413 1270 549 1336; x_wconf 83' lang='lat' dir='ltr'>hiberna</span> <span class='ocrx_word' id='word_1_59' title='bbox 565 1282 765 1336; x_wconf 77' lang='lat' dir='ltr'>concesserat</span> <span class='ocrx_word' id='word_1_60' title='bbox 778 1270 977 1356; x_wconf 85' lang='lat' dir='ltr'>Pergamum</span> <span class='ocrx_word' id='word_1_61' title='bbox 993 1271 1148 1357; x_wconf 85' lang='lat' dir='ltr'>gravique</span> <span class='ocrx_word' id='word_1_62' title='bbox 1165 1270 1278 1335; x_wconf 92' lang='lat' dir='ltr'>morbo</span> <span class='ocrx_word' id='word_1_63' title='bbox 1295 1290 1371 1355; x_wconf 81' lang='lat' dir='ltr'>aeger</span> 
     </span>
     <span class='ocr_line' id='line_1_9' title="bbox 361 1362 1370 1451; baseline -0.006 -20"><span class='ocrx_word' id='word_1_64' title='bbox 361 1365 476 1431; x_wconf 78' lang='lat' dir='ltr'>fuerat.</span> <span class='ocrx_word' id='word_1_65' title='bbox 521 1387 578 1444; x_wconf 81' lang='lat' dir='ltr'>ver</span> <span class='ocrx_word' id='word_1_66' title='bbox 598 1365 738 1451; x_wconf 91' lang='lat' dir='ltr'>primum</span> <span class='ocrx_word' id='word_1_67' title='bbox 761 1386 803 1429; x_wconf 86' lang='lat' dir='ltr'>ex</span> <span class='ocrx_word' id='word_1_68' title='bbox 819 1363 915 1429; x_wconf 91' lang='lat' dir='ltr'>domo</span> <span class='ocrx_word' id='word_1_69' title='bbox 933 1364 1064 1441; x_wconf 89' lang='lat' dir='ltr'>excivit,</span> <span class='ocrx_word' id='word_1_70' title='bbox 1090 1364 1219 1448; x_wconf 91' lang='lat' dir='ltr'>iamque</span> <span class='ocrx_word' id='word_1_71' title='bbox 1238 1362 1370 1449; x_wconf 77' lang='lat' dir='ltr'>Synmda</span> 
     </span>
     <span class='ocr_line' id='line_1_10' title="bbox 361 1458 1370 1546; baseline -0.004 -20"><span class='ocrx_word' id='word_1_72' title='bbox 361 1472 587 1546; x_wconf 86' lang='lat' dir='ltr'>pervenerant,</span> <span class='ocrx_word' id='word_1_73' title='bbox 614 1481 689 1525; x_wconf 92' lang='lat' dir='ltr'>cum</span> <span class='ocrx_word' id='word_1_74' title='bbox 710 1458 874 1525; x_wconf 83' lang='lat' dir='ltr'>Eumenes</span> <span class='ocrx_word' id='word_1_75' title='bbox 900 1459 942 1525; x_wconf 88' lang='lat' dir='ltr'>ad</span> <span class='ocrx_word' id='word_1_76' title='bbox 965 1459 1076 1526; x_wconf 86' lang='lat' dir='ltr'>Sardis</span> <span class='ocrx_word' id='word_1_77' title='bbox 1101 1460 1245 1544; x_wconf 90' lang='lat' dir='ltr'>undique</span> <span class='ocrx_word' id='word_1_78' title='bbox 1271 1458 1370 1525; x_wconf 87' lang='lat' dir='ltr'>exerci-</span> 
     </span>
    </p>

    <p class='ocr_par' dir='ltr' id='par_1_5' title="bbox 312 1552 1370 1828">
     <span class='ocr_line' id='line_1_11' title="bbox 312 1552 1370 1623; baseline -0.005 0"><span class='ocrx_word' id='word_1_79' title='bbox 312 1576 344 1623; x_wconf 76' lang='grc' dir='ltr'>ιι</span> <span class='ocrx_word' id='word_1_80' title='bbox 361 1564 432 1618; x_wconf 90' lang='lat' dir='ltr'>tum</span> <span class='ocrx_word' id='word_1_81' title='bbox 448 1565 659 1619; x_wconf 80' lang='lat' dir='ltr'>contraxerat.</span> <span class='ocrx_word' id='word_1_82' title='bbox 685 1553 731 1618; x_wconf 93' lang='lat' dir='ltr'>ibi</span> <span class='ocrx_word' id='word_1_83' title='bbox 747 1553 888 1618; x_wconf 89' lang='lat' dir='ltr'>Romani</span> <span class='ocrx_word' id='word_1_84' title='bbox 906 1576 979 1620; x_wconf 90' lang='lat' dir='ltr'>cum</span> <span class='ocrx_word' id='word_1_85' title='bbox 996 1565 1029 1619; x_wconf 92' lang='lat' dir='ltr'>et</span> <span class='ocrx_word' id='word_1_86' title='bbox 1046 1552 1260 1620; x_wconf 88' lang='lat' dir='ltr'>Solovettium</span> <span class='ocrx_word' id='word_1_87' title='bbox 1277 1554 1370 1619; x_wconf 89' lang='lat' dir='ltr'>ducem</span> 
     </span>
     <span class='ocr_line' id='line_1_12' title="bbox 363 1644 1370 1735; baseline -0.002 -22"><span class='ocrx_word' id='word_1_88' title='bbox 363 1646 533 1714; x_wconf 84' lang='lat' dir='ltr'>Gallorum</span> <span class='ocrx_word' id='word_1_89' title='bbox 551 1645 716 1733; x_wconf 84' lang='lat' dir='ltr'>Synnadis</span> <span class='ocrx_word' id='word_1_90' title='bbox 735 1644 833 1735; x_wconf 88' lang='lat'><strong>[...]</strong></span> <span class='ocrx_word' id='word_1_91' title='bbox 853 1648 992 1713; x_wconf 87' lang='lat' dir='ltr'>adlocuti</span> <span class='ocrx_word' id='word_1_92' title='bbox 1010 1660 1100 1725; x_wconf 91' lang='lat' dir='ltr'>sunt,</span> <span class='ocrx_word' id='word_1_93' title='bbox 1118 1659 1150 1714; x_wconf 91' lang='lat' dir='ltr'>et</span> <span class='ocrx_word' id='word_1_94' title='bbox 1167 1648 1298 1714; x_wconf 88' lang='lat' dir='ltr'>Attalus</span> <span class='ocrx_word' id='word_1_95' title='bbox 1314 1669 1370 1712; x_wconf 88' lang='lat' dir='ltr'>omn</span> 
     </span>
     <span class='ocr_line' id='line_1_13' title="bbox 362 1741 1370 1828; baseline -0.001 -22"><span class='ocrx_word' id='word_1_96' title='bbox 362 1742 408 1806; x_wconf 90' lang='lat' dir='ltr'>cis</span> <span class='ocrx_word' id='word_1_97' title='bbox 424 1742 602 1828; x_wconf 90' lang='lat' dir='ltr'>profectus,</span> <span class='ocrx_word' id='word_1_98' title='bbox 624 1743 683 1807; x_wconf 90' lang='lat' dir='ltr'>sed</span> <span class='ocrx_word' id='word_1_99' title='bbox 699 1754 805 1808; x_wconf 89' lang='lat' dir='ltr'>castra</span> <span class='ocrx_word' id='word_1_100' title='bbox 823 1741 993 1808; x_wconf 87' lang='lat' dir='ltr'>Gallorum</span> <span class='ocrx_word' id='word_1_101' title='bbox 1013 1743 1131 1808; x_wconf 89' lang='lat' dir='ltr'>intrare</span> <span class='ocrx_word' id='word_1_102' title='bbox 1149 1766 1224 1809; x_wconf 93' lang='lat' dir='ltr'>eum</span> <span class='ocrx_word' id='word_1_103' title='bbox 1241 1765 1304 1808; x_wconf 94' lang='lat' dir='ltr'>non</span> <span class='ocrx_word' id='word_1_104' title='bbox 1318 1741 1370 1828; x_wconf 84' lang='lat' dir='ltr'>pla-</span> 
     </span>
    </p>

    <p class='ocr_par' dir='ltr' id='par_1_6' title="bbox 312 1835 1370 2016">
     <span class='ocr_line' id='line_1_14' title="bbox 312 1835 1370 1923; baseline -0.004 -19"><span class='ocrx_word' id='word_1_105' title='bbox 312 1856 343 1904; x_wconf 83' lang='lat'>13</span> <span class='ocrx_word' id='word_1_106' title='bbox 362 1836 438 1914; x_wconf 85' lang='lat' dir='ltr'>cuit,</span> <span class='ocrx_word' id='word_1_107' title='bbox 455 1859 497 1902; x_wconf 88' lang='lat' dir='ltr'>ne</span> <span class='ocrx_word' id='word_1_108' title='bbox 515 1837 614 1902; x_wconf 90' lang='lat' dir='ltr'>animi</span> <span class='ocrx_word' id='word_1_109' title='bbox 631 1860 672 1901; x_wconf 91' lang='lat' dir='ltr'>ex</span> <span class='ocrx_word' id='word_1_110' title='bbox 689 1837 918 1923; x_wconf 86' lang='lat' dir='ltr'>disceptatione</span> <span class='ocrx_word' id='word_1_111' title='bbox 938 1837 1151 1902; x_wconf 87' lang='lat' dir='ltr'>imitarentur.</span> <span class='ocrx_word' id='word_1_112' title='bbox 1187 1837 1227 1902; x_wconf 93' lang='lat' dir='ltr'>P.</span> <span class='ocrx_word' id='word_1_113' title='bbox 1246 1835 1370 1903; x_wconf 79' lang='lat' dir='ltr'>Licinius</span> 
     </span>
     <span class='ocr_line' id='line_1_15' title="bbox 361 1930 1370 2016; baseline 0.001 -22"><span class='ocrx_word' id='word_1_114' title='bbox 361 1952 436 1994; x_wconf 88' lang='lat' dir='ltr'>oum</span> <span class='ocrx_word' id='word_1_115' title='bbox 451 1931 564 2016; x_wconf 86' lang='lat' dir='ltr'>regulo</span> <span class='ocrx_word' id='word_1_116' title='bbox 584 1930 753 1996; x_wconf 83' lang='lat' dir='ltr'>Gallorum</span> <span class='ocrx_word' id='word_1_117' title='bbox 770 1942 819 1996; x_wconf 85' lang='lat' dir='ltr'>ost</span> <span class='ocrx_word' id='word_1_118' title='bbox 835 1933 961 1997; x_wconf 90' lang='lat' dir='ltr'>locutus</span> <span class='ocrx_word' id='word_1_119' title='bbox 979 1931 1181 2016; x_wconf 86' lang='lat' dir='ltr'>rettulitque,</span> <span class='ocrx_word' id='word_1_120' title='bbox 1203 1932 1370 1997; x_wconf 85' lang='lat' dir='ltr'>ferociorem</span> 
     </span>
    </p>

    <p class='ocr_par' dir='ltr' id='par_1_7' title="bbox 312 2021 1369 2396">
     <span class='ocr_line' id='line_1_16' title="bbox 312 2021 1369 2111; baseline -0.003 -21"><span class='ocrx_word' id='word_1_121' title='bbox 312 2044 344 2090; x_wconf 75' lang='grc' dir='ltr'>ιι</span> <span class='ocrx_word' id='word_1_122' title='bbox 361 2044 436 2088; x_wconf 89' lang='lat' dir='ltr'>eum</span> <span class='ocrx_word' id='word_1_123' title='bbox 458 2024 659 2110; x_wconf 90' lang='lat' dir='ltr'>deprecando</span> <span class='ocrx_word' id='word_1_124' title='bbox 680 2025 818 2103; x_wconf 84' lang='lat' dir='ltr'>factum,</span> <span class='ocrx_word' id='word_1_125' title='bbox 845 2037 882 2090; x_wconf 94' lang='lat' dir='ltr'>ut</span> <span class='ocrx_word' id='word_1_126' title='bbox 907 2027 1024 2091; x_wconf 91' lang='lat' dir='ltr'>mirum</span> <span class='ocrx_word' id='word_1_127' title='bbox 1045 2024 1146 2091; x_wconf 87' lang='lat' dir='ltr'>videri</span> <span class='ocrx_word' id='word_1_128' title='bbox 1167 2026 1283 2111; x_wconf 87' lang='lat' dir='ltr'>possit,</span> <span class='ocrx_word' id='word_1_129' title='bbox 1306 2021 1369 2089; x_wconf 87' lang='lat' dir='ltr'>inter</span> 
     </span>
     <span class='ocr_line' id='line_1_17' title="bbox 362 2120 1369 2205; baseline 0.002 -23"><span class='ocrx_word' id='word_1_130' title='bbox 362 2129 429 2183; x_wconf 88' lang='lat' dir='ltr'>tam</span> <span class='ocrx_word' id='word_1_131' title='bbox 450 2120 619 2204; x_wconf 90' lang='lat' dir='ltr'>opulentos</span> <span class='ocrx_word' id='word_1_132' title='bbox 640 2142 750 2205; x_wconf 85' lang='lat' dir='ltr'>reges,</span> <span class='ocrx_word' id='word_1_133' title='bbox 776 2120 976 2186; x_wconf 88' lang='lat' dir='ltr'>Antiochum</span> <span class='ocrx_word' id='word_1_134' title='bbox 993 2120 1294 2205; x_wconf 86' lang='lat' dir='ltr'>Ptolemaeumque,</span> <span class='ocrx_word' id='word_1_135' title='bbox 1317 2132 1369 2184; x_wconf 83' lang='lat' dir='ltr'>tan·</span> 
     </span>
     <span class='ocr_line' id='line_1_18' title="bbox 362 2213 1368 2300; baseline 0.002 -22"><span class='ocrx_word' id='word_1_136' title='bbox 362 2226 431 2278; x_wconf 91' lang='lat' dir='ltr'>tum</span> <span class='ocrx_word' id='word_1_137' title='bbox 453 2214 633 2300; x_wconf 85' lang='lat' dir='ltr'>legatorum</span> <span class='ocrx_word' id='word_1_138' title='bbox 650 2215 870 2281; x_wconf 88' lang='lat' dir='ltr'>Romanorum</span> <span class='ocrx_word' id='word_1_139' title='bbox 888 2216 987 2280; x_wconf 87' lang='lat' dir='ltr'>verba</span> <span class='ocrx_word' id='word_1_140' title='bbox 1004 2217 1157 2294; x_wconf 84' lang='lat' dir='ltr'>valuisse,</span> <span class='ocrx_word' id='word_1_141' title='bbox 1176 2228 1213 2281; x_wconf 91' lang='lat' dir='ltr'>ut</span> <span class='ocrx_word' id='word_1_142' title='bbox 1230 2213 1368 2300; x_wconf 86' lang='lat' dir='ltr'>extemplo</span> 
     </span>
     <span class='ocr_line' id='line_1_19' title="bbox 361 2309 1303 2396; baseline 0.001 -20"><span class='ocrx_word' id='word_1_143' title='bbox 361 2328 474 2395; x_wconf 91' lang='lat' dir='ltr'>pacem</span> <span class='ocrx_word' id='word_1_144' title='bbox 490 2311 643 2387; x_wconf 80' lang='lat' dir='ltr'>facerent,</span> <span class='ocrx_word' id='word_1_145' title='bbox 662 2322 739 2396; x_wconf 90' lang='lat' dir='ltr'>aput</span> <span class='ocrx_word' id='word_1_146' title='bbox 758 2309 871 2376; x_wconf 86' lang='lat' dir='ltr'>Gallos</span> <span class='ocrx_word' id='word_1_147' title='bbox 888 2310 1007 2375; x_wconf 92' lang='lat' dir='ltr'>nullius</span> <span class='ocrx_word' id='word_1_148' title='bbox 1024 2312 1178 2379; x_wconf 88' lang='lat' dir='ltr'>momenti</span> <span class='ocrx_word' id='word_1_149' title='bbox 1195 2312 1303 2377; x_wconf 85' lang='lat' dir='ltr'>fuisse.</span> 
     </span>
    </p>

    <p class='ocr_par' dir='ltr' id='par_1_8' title="bbox 328 2404 1368 2679">
     <span class='ocr_line' id='line_1_20' title="bbox 328 2404 1367 2491; baseline 0 -23"><span class='ocrx_word' id='word_1_150' title='bbox 328 2423 341 2468; x_wconf 91' lang='lat'>1</span> <span class='ocrx_word' id='word_1_151' title='bbox 423 2404 578 2472; x_wconf 86' lang='lat' dir='ltr'>XXXV.</span> <span class='ocrx_word' id='word_1_152' title='bbox 605 2405 744 2470; x_wconf 88' lang='lat' dir='ltr'>Romam</span> <span class='ocrx_word' id='word_1_153' title='bbox 764 2406 904 2490; x_wconf 91' lang='lat' dir='ltr'>primum</span> <span class='ocrx_word' id='word_1_154' title='bbox 924 2428 1017 2491; x_wconf 84' lang='lat' dir='ltr'>reges</span> <span class='ocrx_word' id='word_1_155' title='bbox 1040 2406 1173 2491; x_wconf 89' lang='lat' dir='ltr'>captivi,</span> <span class='ocrx_word' id='word_1_156' title='bbox 1196 2405 1367 2471; x_wconf 85' lang='lat' dir='ltr'>Perseuset</span> 
     </span>
     <span class='ocr_line' id='line_1_21' title="bbox 362 2496 1368 2577; baseline -0.005 -12"><span class='ocrx_word' id='word_1_157' title='bbox 362 2497 516 2576; x_wconf 83' lang='lat' dir='ltr'>Gentius,</span> <span class='ocrx_word' id='word_1_158' title='bbox 541 2500 576 2564; x_wconf 92' lang='lat' dir='ltr'>in</span> <span class='ocrx_word' id='word_1_159' title='bbox 598 2499 777 2565; x_wconf 84' lang='lat' dir='ltr'>custodiam</span> <span class='ocrx_word' id='word_1_160' title='bbox 798 2521 873 2564; x_wconf 89' lang='lat' dir='ltr'>cum</span> <span class='ocrx_word' id='word_1_161' title='bbox 894 2499 1001 2564; x_wconf 85' lang='lat' dir='ltr'>liberis</span> <span class='ocrx_word' id='word_1_162' title='bbox 1025 2500 1171 2577; x_wconf 88' lang='lat' dir='ltr'>abducti,</span> <span class='ocrx_word' id='word_1_163' title='bbox 1199 2500 1274 2566; x_wconf 90' lang='lat' dir='ltr'>dein</span> <span class='ocrx_word' id='word_1_164' title='bbox 1295 2496 1368 2563; x_wconf 82' lang='lat' dir='ltr'>turbt</span> 
     </span>
     <span class='ocr_line' id='line_1_22' title="bbox 360 2592 1367 2679; baseline -0.002 -21"><span class='ocrx_word' id='word_1_165' title='bbox 360 2593 425 2658; x_wconf 86' lang='lat' dir='ltr'>alia</span> <span class='ocrx_word' id='word_1_166' title='bbox 450 2593 664 2679; x_wconf 84' lang='lat' dir='ltr'>captivorum,</span> <span class='ocrx_word' id='word_1_167' title='bbox 690 2604 760 2658; x_wconf 91' lang='lat' dir='ltr'>tum</span> <span class='ocrx_word' id='word_1_168' title='bbox 784 2593 902 2678; x_wconf 91' lang='lat' dir='ltr'>quibus</span> <span class='ocrx_word' id='word_1_169' title='bbox 924 2592 1142 2658; x_wconf 85' lang='lat' dir='ltr'>Macedonum</span> <span class='ocrx_word' id='word_1_170' title='bbox 1169 2594 1367 2660; x_wconf 84' lang='lat' dir='ltr'>denuntiatum</span> 
     </span>
    </p>

    <p class='ocr_par' dir='ltr' id='par_1_9' title="bbox 327 2686 1387 2961">
     <span class='ocr_line' id='line_1_23' title="bbox 327 2686 1367 2774; baseline -0.003 -22"><span class='ocrx_word' id='word_1_171' title='bbox 327 2704 343 2752; x_wconf 80' lang='lat' dir='ltr'>a</span> <span class='ocrx_word' id='word_1_172' title='bbox 361 2698 439 2766; x_wconf 91' lang='lat' dir='ltr'>erat,</span> <span class='ocrx_word' id='word_1_173' title='bbox 456 2697 493 2752; x_wconf 93' lang='lat' dir='ltr'>ut</span> <span class='ocrx_word' id='word_1_174' title='bbox 504 2688 643 2753; x_wconf 87' lang='lat' dir='ltr'>Romam</span> <span class='ocrx_word' id='word_1_175' title='bbox 660 2688 816 2766; x_wconf 86' lang='lat' dir='ltr'>venirent,</span> <span class='ocrx_word' id='word_1_176' title='bbox 833 2686 1108 2774; x_wconf 88' lang='lat' dir='ltr'>principum[que]</span> <span class='ocrx_word' id='word_1_177' title='bbox 1124 2687 1296 2765; x_wconf 85' lang='lat' dir='ltr'>Graeciae3</span> <span class='ocrx_word' id='word_1_178' title='bbox 1312 2705 1367 2750; x_wconf 86' lang='lat' dir='ltr'>nan</span> 
     </span>
     <span class='ocr_line' id='line_1_24' title="bbox 360 2781 1366 2868; baseline -0.001 -23"><span class='ocrx_word' id='word_1_179' title='bbox 360 2781 396 2845; x_wconf 91' lang='lat' dir='ltr'>bi</span> <span class='ocrx_word' id='word_1_180' title='bbox 411 2802 541 2866; x_wconf 90' lang='lat' dir='ltr'>quoque</span> <span class='ocrx_word' id='word_1_181' title='bbox 557 2804 622 2847; x_wconf 94' lang='lat' dir='ltr'>non</span> <span class='ocrx_word' id='word_1_182' title='bbox 644 2783 749 2848; x_wconf 90' lang='lat' dir='ltr'>solum</span> <span class='ocrx_word' id='word_1_183' title='bbox 769 2792 953 2868; x_wconf 86' lang='lat' dir='ltr'>praesentes</span> <span class='ocrx_word' id='word_1_184' title='bbox 970 2782 1066 2848; x_wconf 84' lang='lat' dir='ltr'>exciti</span> <span class='ocrx_word' id='word_1_185' title='bbox 1088 2794 1192 2860; x_wconf 91' lang='lat' dir='ltr'>erant,</span> <span class='ocrx_word' id='word_1_186' title='bbox 1219 2781 1366 2847; x_wconf 82' lang='lat' dir='ltr'>sedetiam</span> 
     </span>
     <span class='ocr_line' id='line_1_25' title="bbox 360 2874 1387 2961; baseline -0.001 -22"><span class='ocrx_word' id='word_1_187' title='bbox 360 2874 470 2957; x_wconf 90' lang='lat' dir='ltr'>siqui</span> <span class='ocrx_word' id='word_1_188' title='bbox 499 2897 635 2961; x_wconf 82' lang='lat' dir='ltr'>paragra</span> <span class='ocrx_word' id='word_1_189' title='bbox 665 2899 736 2942; x_wconf 89' lang='lat' dir='ltr'>esse</span> <span class='ocrx_word' id='word_1_190' title='bbox 762 2876 963 2953; x_wconf 90' lang='lat' dir='ltr'>dicebantur,</span> <span class='ocrx_word' id='word_1_191' title='bbox 993 2876 1104 2942; x_wconf 82' lang='lat' dir='ltr'>litteris</span> <span class='ocrx_word' id='word_1_192' title='bbox 1136 2878 1279 2943; x_wconf 86' lang='lat' dir='ltr'>arcessiti</span> <span class='ocrx_word' id='word_1_193' title='bbox 1303 2883 1387 2940; x_wconf 48' lang='lat' dir='ltr'>sunt¹</span> 
     </span>
    </p>

    <p class='ocr_par' dir='ltr' id='par_1_10' title="bbox 327 2957 1388 3433">
     <span class='ocr_line' id='line_1_26' title="bbox 327 2957 1388 3057; baseline 0.001 -26"><span class='ocrx_word' id='word_1_194' title='bbox 327 2966 484 3033; x_wconf 85' lang='lat' dir='ltr'>aPaulus</span> <span class='ocrx_word' id='word_1_195' title='bbox 508 2968 578 3054; x_wconf 91' lang='lat' dir='ltr'>ipse</span> <span class='ocrx_word' id='word_1_196' title='bbox 602 2981 677 3056; x_wconf 83' lang='lat' dir='ltr'>post</span> <span class='ocrx_word' id='word_1_197' title='bbox 702 2970 770 3036; x_wconf 91' lang='lat' dir='ltr'>dies</span> <span class='ocrx_word' id='word_1_198' title='bbox 794 2992 916 3057; x_wconf 90' lang='lat' dir='ltr'>paucos</span> <span class='ocrx_word' id='word_1_199' title='bbox 941 2969 1031 3056; x_wconf 86' lang='lat' dir='ltr'>regia</span> <span class='ocrx_word' id='word_1_200' title='bbox 1056 2994 1139 3036; x_wconf 84' lang='lat' dir='ltr'>nave</span> <span class='ocrx_word' id='word_1_201' title='bbox 1160 2971 1298 3057; x_wconf 83' lang='lat' dir='ltr'>ingentis</span> <span class='ocrx_word' id='word_1_202' title='bbox 1317 2957 1388 3032; x_wconf 68' lang='lat' dir='ltr'>nrt-²</span> 
     </span>
     <span class='ocr_line' id='line_1_27' title="bbox 360 3061 1363 3152; baseline 0.008 -26"><span class='ocrx_word' id='word_1_203' title='bbox 360 3061 549 3147; x_wconf 85' lang='lat' dir='ltr'>gnitudinis,</span> <span class='ocrx_word' id='word_1_204' title='bbox 580 3084 679 3148; x_wconf 89' lang='lat' dir='ltr'>quam</span> <span class='ocrx_word' id='word_1_205' title='bbox 709 3064 871 3130; x_wconf 87' lang='lat' dir='ltr'>sexdecim</span> <span class='ocrx_word' id='word_1_206' title='bbox 901 3085 1012 3129; x_wconf 87' lang='lat' dir='ltr'>versus</span> <span class='ocrx_word' id='word_1_207' title='bbox 1044 3087 1205 3130; x_wconf 91' lang='lat' dir='ltr'>remorum</span> <span class='ocrx_word' id='word_1_208' title='bbox 1240 3064 1363 3152; x_wconf 76' lang='lat' dir='ltr'>agebat</span> 
     </span>
     <span class='ocr_line' id='line_1_28' title="bbox 361 3158 1364 3245; baseline 0.003 -25"><span class='ocrx_word' id='word_1_209' title='bbox 361 3168 474 3222; x_wconf 90' lang='lat' dir='ltr'>ornata</span> <span class='ocrx_word' id='word_1_210' title='bbox 490 3158 711 3224; x_wconf 89' lang='lat' dir='ltr'>Macedonicis</span> <span class='ocrx_word' id='word_1_211' title='bbox 729 3158 853 3244; x_wconf 90' lang='lat' dir='ltr'>spoliis,</span> <span class='ocrx_word' id='word_1_212' title='bbox 870 3180 936 3223; x_wconf 93' lang='lat' dir='ltr'>non</span> <span class='ocrx_word' id='word_1_213' title='bbox 953 3159 1126 3245; x_wconf 82' lang='lat' dir='ltr'>insignium</span> <span class='ocrx_word' id='word_1_214' title='bbox 1144 3170 1269 3224; x_wconf 89' lang='lat' dir='ltr'>tantum</span> <span class='ocrx_word' id='word_1_215' title='bbox 1286 3174 1364 3223; x_wconf 83' lang='lat' dir='ltr'>armo·</span> 
     </span>
     <span class='ocr_line' id='line_1_29' title="bbox 359 3243 1387 3339; baseline -0.004 -23"><span class='ocrx_word' id='word_1_216' title='bbox 359 3273 447 3328; x_wconf 90' lang='lat' dir='ltr'>rum,</span> <span class='ocrx_word' id='word_1_217' title='bbox 473 3253 531 3317; x_wconf 88' lang='lat' dir='ltr'>sed</span> <span class='ocrx_word' id='word_1_218' title='bbox 552 3253 650 3318; x_wconf 89' lang='lat' dir='ltr'>etiam</span> <span class='ocrx_word' id='word_1_219' title='bbox 670 3253 832 3339; x_wconf 83' lang='lat' dir='ltr'>regiorum</span> <span class='ocrx_word' id='word_1_220' title='bbox 854 3253 1026 3330; x_wconf 81' lang='lat' dir='ltr'>textilium,</span> <span class='ocrx_word' id='word_1_221' title='bbox 1054 3254 1188 3319; x_wconf 85' lang='lat' dir='ltr'>adverso</span> <span class='ocrx_word' id='word_1_222' title='bbox 1211 3253 1316 3319; x_wconf 81' lang='lat' dir='ltr'>Tiberi</span> <span class='ocrx_word' id='word_1_223' title='bbox 1335 3243 1364 3312; x_wconf 86' lang='lat' dir='ltr'>al</span> <span class='ocrx_word' id='word_1_224' title='bbox 1386 3295 1387 3300; x_wconf 22' lang='grc' dir='ltr'>ι</span> 
     </span>
     <span class='ocr_line' id='line_1_30' title="bbox 359 3339 1387 3433; baseline -0.003 -24"><span class='ocrx_word' id='word_1_225' title='bbox 359 3344 473 3410; x_wconf 88' lang='lat' dir='ltr'>urbem</span> <span class='ocrx_word' id='word_1_226' title='bbox 490 3357 539 3410; x_wconf 87' lang='lat' dir='ltr'>ost</span> <span class='ocrx_word' id='word_1_227' title='bbox 561 3348 748 3423; x_wconf 85' lang='lat' dir='ltr'>subvectus,</span> <span class='ocrx_word' id='word_1_228' title='bbox 773 3347 927 3433; x_wconf 90' lang='lat' dir='ltr'>conpletis</span> <span class='ocrx_word' id='word_1_229' title='bbox 944 3347 1021 3433; x_wconf 84' lang='lat' dir='ltr'>ripis</span> <span class='ocrx_word' id='word_1_230' title='bbox 1039 3347 1166 3413; x_wconf 86' lang='lat' dir='ltr'>obviam</span> <span class='ocrx_word' id='word_1_231' title='bbox 1185 3346 1289 3413; x_wconf 84' lang='lat' dir='ltr'>effusa</span> <span class='ocrx_word' id='word_1_232' title='bbox 1303 3339 1364 3409; x_wconf 91' lang='lat' dir='ltr'>mul·</span> <span class='ocrx_word' id='word_1_233' title='bbox 1385 3395 1387 3400; x_wconf 95' lang='lat'><em>.</em></span> 
     </span>
    </p>

    <p class='ocr_par' dir='ltr' id='par_1_11' title="bbox 325 3438 1388 3905">
     <span class='ocr_line' id='line_1_31' title="bbox 325 3438 1388 3536; baseline 0.007 -36"><span class='ocrx_word' id='word_1_234' title='bbox 325 3438 504 3504; x_wconf 73' lang='lat' dir='ltr'>stitudine.</span> <span class='ocrx_word' id='word_1_235' title='bbox 548 3461 669 3525; x_wconf 87' lang='lat' dir='ltr'>paucos</span> <span class='ocrx_word' id='word_1_236' title='bbox 695 3453 769 3527; x_wconf 91' lang='lat' dir='ltr'>post</span> <span class='ocrx_word' id='word_1_237' title='bbox 794 3441 863 3506; x_wconf 89' lang='lat' dir='ltr'>dics</span> <span class='ocrx_word' id='word_1_238' title='bbox 885 3442 1021 3506; x_wconf 86' lang='lat' dir='ltr'>Anicius</span> <span class='ocrx_word' id='word_1_239' title='bbox 1047 3453 1079 3507; x_wconf 92' lang='lat' dir='ltr'>et</span> <span class='ocrx_word' id='word_1_240' title='bbox 1103 3440 1262 3509; x_wconf 87' lang='lat' dir='ltr'>Octavius</span> <span class='ocrx_word' id='word_1_241' title='bbox 1287 3443 1388 3536; x_wconf 61' lang='lat' dir='ltr'>clastp</span> 
     </span>
     <span class='ocr_line' id='line_1_32' title="bbox 360 3532 1388 3610; baseline 0.007 -15"><span class='ocrx_word' id='word_1_242' title='bbox 360 3554 419 3596; x_wconf 92' lang='lat' dir='ltr'>sua</span> <span class='ocrx_word' id='word_1_243' title='bbox 440 3532 576 3600; x_wconf 88' lang='lat' dir='ltr'>advecti.</span> <span class='ocrx_word' id='word_1_244' title='bbox 621 3534 723 3600; x_wconf 90' lang='lat' dir='ltr'>tribus</span> <span class='ocrx_word' id='word_1_245' title='bbox 745 3539 774 3600; x_wconf 79' lang='lat' dir='ltr'>is</span> <span class='ocrx_word' id='word_1_246' title='bbox 796 3535 945 3600; x_wconf 92' lang='lat' dir='ltr'>omnibus</span> <span class='ocrx_word' id='word_1_247' title='bbox 972 3536 1118 3601; x_wconf 91' lang='lat' dir='ltr'>decretus</span> <span class='ocrx_word' id='word_1_248' title='bbox 1141 3548 1190 3602; x_wconf 88' lang='lat' dir='ltr'>est</span> <span class='ocrx_word' id='word_1_249' title='bbox 1213 3538 1255 3602; x_wconf 90' lang='lat' dir='ltr'>ab</span> <span class='ocrx_word' id='word_1_250' title='bbox 1277 3543 1388 3610; x_wconf 65' lang='lat' dir='ltr'>senatu,</span> 
     </span>
     <span class='ocr_line' id='line_1_33' title="bbox 361 3624 1387 3716; baseline 0.003 -28"><span class='ocrx_word' id='word_1_251' title='bbox 361 3624 551 3711; x_wconf 88' lang='lat' dir='ltr'>triumphus,</span> <span class='ocrx_word' id='word_1_252' title='bbox 568 3628 819 3714; x_wconf 89' lang='lat' dir='ltr'>mandatumque</span> <span class='ocrx_word' id='word_1_253' title='bbox 837 3628 881 3712; x_wconf 84' lang='lat' dir='ltr'>Q.</span> <span class='ocrx_word' id='word_1_254' title='bbox 898 3628 1012 3695; x_wconf 87' lang='lat' dir='ltr'>Cassio</span> <span class='ocrx_word' id='word_1_255' title='bbox 1029 3630 1179 3716; x_wconf 88' lang='lat' dir='ltr'>praetori,</span> <span class='ocrx_word' id='word_1_256' title='bbox 1198 3653 1272 3697; x_wconf 91' lang='lat' dir='ltr'>cum</span> <span class='ocrx_word' id='word_1_257' title='bbox 1287 3628 1363 3694; x_wconf 84' lang='lat' dir='ltr'>tribu·</span> <span class='ocrx_word' id='word_1_258' title='bbox 1385 3653 1387 3702; x_wconf 63' lang='grc' dir='ltr'><strong>ς</strong></span> 
     </span>
     <span class='ocr_line' id='line_1_34' title="bbox 360 3713 1364 3811; baseline 0.002 -29"><span class='ocrx_word' id='word_1_259' title='bbox 360 3717 410 3782; x_wconf 89' lang='lat' dir='ltr'>nis</span> <span class='ocrx_word' id='word_1_260' title='bbox 431 3719 534 3805; x_wconf 92' lang='lat' dir='ltr'>plebis</span> <span class='ocrx_word' id='word_1_261' title='bbox 556 3735 681 3808; x_wconf 88' lang='lat' dir='ltr'>ageret,</span> <span class='ocrx_word' id='word_1_262' title='bbox 708 3745 749 3788; x_wconf 83' lang='lat' dir='ltr'>ex</span> <span class='ocrx_word' id='word_1_263' title='bbox 771 3725 960 3790; x_wconf 87' lang='lat' dir='ltr'>auctoritate</span> <span class='ocrx_word' id='word_1_264' title='bbox 981 3736 1108 3810; x_wconf 90' lang='lat' dir='ltr'>patrum</span> <span class='ocrx_word' id='word_1_265' title='bbox 1129 3713 1364 3811; x_wconf 80' lang='lat' dir='ltr'>rogationemal</span> 
     </span>
     <span class='ocr_line' id='line_1_35' title="bbox 361 3811 1365 3905; baseline 0.007 -29"><span class='ocrx_word' id='word_1_266' title='bbox 361 3811 489 3897; x_wconf 90' lang='lat' dir='ltr'>plebem</span> <span class='ocrx_word' id='word_1_267' title='bbox 505 3813 633 3892; x_wconf 79' lang='lat' dir='ltr'>ferrent,</span> <span class='ocrx_word' id='word_1_268' title='bbox 651 3828 688 3881; x_wconf 92' lang='lat' dir='ltr'>ut</span> <span class='ocrx_word' id='word_1_269' title='bbox 699 3821 742 3896; x_wconf 81' lang='lat' dir='ltr'>is,</span> <span class='ocrx_word' id='word_1_270' title='bbox 765 3840 830 3902; x_wconf 92' lang='lat' dir='ltr'>quo</span> <span class='ocrx_word' id='word_1_271' title='bbox 848 3819 899 3885; x_wconf 90' lang='lat' dir='ltr'>die</span> <span class='ocrx_word' id='word_1_272' title='bbox 917 3818 1029 3885; x_wconf 90' lang='lat' dir='ltr'>urbem</span> <span class='ocrx_word' id='word_1_273' title='bbox 1051 3818 1284 3905; x_wconf 87' lang='lat' dir='ltr'>triumphantes</span> <span class='ocrx_word' id='word_1_274' title='bbox 1299 3820 1365 3883; x_wconf 78' lang='lat' dir='ltr'>invt-</span> 
     </span>
    </p>

    <p class='ocr_par' dir='ltr' id='par_1_12' title="bbox 327 3905 1366 4074">
     <span class='ocr_line' id='line_1_36' title="bbox 327 3905 1365 3994; baseline 0.011 -25"><span class='ocrx_word' id='word_1_275' title='bbox 327 3905 526 3986; x_wconf 83' lang='lat' dir='ltr'>cherentur,</span> <span class='ocrx_word' id='word_1_276' title='bbox 551 3910 721 3994; x_wconf 86' lang='lat' dir='ltr'>imperium</span> <span class='ocrx_word' id='word_1_277' title='bbox 747 3924 841 3978; x_wconf 86' lang='lat' dir='ltr'>esset.</span> <span class='ocrx_word' id='word_1_278' title='bbox 890 3913 1009 3978; x_wconf 85' lang='lat' dir='ltr'>intacta</span> <span class='ocrx_word' id='word_1_279' title='bbox 1034 3912 1155 3978; x_wconf 89' lang='lat' dir='ltr'>invidia</span> <span class='ocrx_word' id='word_1_280' title='bbox 1176 3914 1283 3980; x_wconf 88' lang='lat' dir='ltr'>media</span> <span class='ocrx_word' id='word_1_281' title='bbox 1303 3919 1365 3980; x_wconf 71' lang='lat' dir='ltr'>sunt</span> 
     </span>
     <span class='ocr_line' id='line_1_37' title="bbox 361 3999 1366 4074; baseline 0.007 -9"><span class='ocrx_word' id='word_1_282' title='bbox 361 3999 403 4064; x_wconf 87' lang='lat' dir='ltr'>ad</span> <span class='ocrx_word' id='word_1_283' title='bbox 429 4024 554 4068; x_wconf 90' lang='lat' dir='ltr'>summa</span> <span class='ocrx_word' id='word_1_284' title='bbox 579 4004 681 4071; x_wconf 86' lang='lat' dir='ltr'>ferme</span> <span class='ocrx_word' id='word_1_285' title='bbox 706 4006 817 4072; x_wconf 91' lang='lat' dir='ltr'>tendit.</span> <span class='ocrx_word' id='word_1_286' title='bbox 861 4028 920 4073; x_wconf 89' lang='lat' dir='ltr'>nec</span> <span class='ocrx_word' id='word_1_287' title='bbox 944 4008 983 4073; x_wconf 92' lang='lat' dir='ltr'>de</span> <span class='ocrx_word' id='word_1_288' title='bbox 1004 4006 1103 4073; x_wconf 82' lang='lat' dir='ltr'>Anici</span> <span class='ocrx_word' id='word_1_289' title='bbox 1125 4030 1185 4074; x_wconf 89' lang='lat' dir='ltr'>neo</span> <span class='ocrx_word' id='word_1_290' title='bbox 1208 4008 1249 4074; x_wconf 89' lang='lat' dir='ltr'>de</span> <span class='ocrx_word' id='word_1_291' title='bbox 1271 3999 1366 4073; x_wconf 75' lang='lat' dir='ltr'>Octavi</span> 
     </span>
    </p>
   </div>
   <div class='ocr_carea' id='block_1_3' title="bbox 331 4096 1369 4379">
    <p class='ocr_par' dir='ltr' id='par_1_13' title="bbox 331 4096 1369 4379">
     <span class='ocr_line' id='line_1_38' title="bbox 360 4096 1367 4190; baseline 0.012 -32"><span class='ocrx_word' id='word_1_292' title='bbox 360 4096 522 4182; x_wconf 87' lang='lat' dir='ltr'>triumpho</span> <span class='ocrx_word' id='word_1_293' title='bbox 548 4098 730 4164; x_wconf 86' lang='lat' dir='ltr'>dubitatum</span> <span class='ocrx_word' id='word_1_294' title='bbox 756 4113 819 4179; x_wconf 83' lang='lat' dir='ltr'>est3</span> <span class='ocrx_word' id='word_1_295' title='bbox 845 4102 1001 4180; x_wconf 92' lang='lat' dir='ltr'>Paulum,</span> <span class='ocrx_word' id='word_1_296' title='bbox 1033 4104 1085 4169; x_wconf 91' lang='lat' dir='ltr'>cui</span> <span class='ocrx_word' id='word_1_297' title='bbox 1110 4103 1173 4190; x_wconf 91' lang='lat' dir='ltr'>ipsi</span> <span class='ocrx_word' id='word_1_298' title='bbox 1199 4117 1367 4189; x_wconf 73' lang='lat' dir='ltr'>quoquest</span> 
     </span>
     <span class='ocr_line' id='line_1_39' title="bbox 331 4192 1368 4284; baseline 0.011 -33"><span class='ocrx_word' id='word_1_299' title='bbox 331 4205 346 4252; x_wconf 85' lang='lat'>6</span> <span class='ocrx_word' id='word_1_300' title='bbox 363 4208 535 4275; x_wconf 87' lang='lat' dir='ltr'>conparare</span> <span class='ocrx_word' id='word_1_301' title='bbox 552 4192 763 4270; x_wconf 86' lang='lat' dir='ltr'>erubuissent,</span> <span class='ocrx_word' id='word_1_302' title='bbox 781 4196 968 4263; x_wconf 89' lang='lat' dir='ltr'>obtrectatio</span> <span class='ocrx_word' id='word_1_303' title='bbox 986 4198 1113 4284; x_wconf 86' lang='lat' dir='ltr'>carpsit.</span> <span class='ocrx_word' id='word_1_304' title='bbox 1145 4200 1277 4284; x_wconf 91' lang='lat' dir='ltr'>antiqua</span> <span class='ocrx_word' id='word_1_305' title='bbox 1294 4192 1368 4262; x_wconf 87' lang='lat' dir='ltr'>disci·</span> 
     </span>
     <span class='ocr_line' id='line_1_40' title="bbox 361 4280 1369 4379; baseline 0.013 -33"><span class='ocrx_word' id='word_1_306' title='bbox 361 4280 449 4366; x_wconf 89' lang='lat' dir='ltr'>plina</span> <span class='ocrx_word' id='word_1_307' title='bbox 470 4284 585 4353; x_wconf 91' lang='lat' dir='ltr'>milites</span> <span class='ocrx_word' id='word_1_308' title='bbox 607 4286 776 4367; x_wconf 85' lang='lat' dir='ltr'>habuerat3</span> <span class='ocrx_word' id='word_1_309' title='bbox 803 4289 844 4356; x_wconf 92' lang='lat' dir='ltr'>de</span> <span class='ocrx_word' id='word_1_310' title='bbox 867 4290 988 4377; x_wconf 89' lang='lat' dir='ltr'>praeda</span> <span class='ocrx_word' id='word_1_311' title='bbox 1008 4293 1137 4378; x_wconf 88' lang='lat' dir='ltr'>parcius</span> <span class='ocrx_word' id='word_1_312' title='bbox 1159 4313 1257 4379; x_wconf 92' lang='lat' dir='ltr'>quam</span> <span class='ocrx_word' id='word_1_313' title='bbox 1279 4309 1369 4379; x_wconf 76' lang='lat' dir='ltr'>spert-</span> 
     </span>
    </p>
   </div>
   <div class='ocr_carea' id='block_1_4' title="bbox 0 0 1684 5092">
    <p class='ocr_par' dir='ltr' id='par_1_14' title="bbox 0 0 1684 5092">
     <span class='ocr_line' id='line_1_41' title="bbox 0 0 1684 5092; baseline 0 4"><span class='ocrx_word' id='word_1_314' title='bbox 0 0 1684 5092; x_wconf 95' lang='lat' dir='ltr'> </span> 
     </span>
    </p>
   </div>
  </div>
 </body>
</html>
