3359 5092
495 565 933 640 mmmmmwrssr
953 569 1105 640 [..ac1cc]
1252 557 1311 626 131

285 724 693 813 Bylazora—Paeoniae
683 748 711 789 rs
728 725 818 791 locus
836 738 941 792 est—
950 739 1054 792 castra
1072 749 1210 807 movere,
1226 731 1314 816 prin·

285 822 368 907 :ipes
389 820 435 884 ad
452 842 487 885 se
504 815 612 885 venire
630 819 822 904 frequentes
852 822 1055 908 septuaginta
1072 823 1213 907 quinque
1225 825 1313 890 milia

285 917 320 981 rb
338 914 433 979 Axio
450 914 581 979 flumine
599 925 630 978 et
649 925 717 979 cast
717 915 761 979 ris
778 919 863 1001 regis
882 914 1024 981 aberant.
1063 915 1144 982 haec
1161 919 1312 985 mandata
1331 941 1345 991 9

285 1011 318 1076 id
328 1031 389 1076 eos
403 1032 481 1074 cum
492 1007 676 1095 pertulisset
684 1009 868 1096 Anngonus
884 1009 1125 1095 adiecissetque,
1140 1028 1198 1098 per
1211 1034 1314 1097 quan·

285 1129 345 1169 am
365 1102 513 1168 omnium
531 1114 754 1188 praeparatam
772 1124 850 1169 cura
867 1103 952 1191 regis
971 1104 1096 1190 copiam
1114 1105 1190 1169 ituri
1209 1106 1314 1173 forent

285 1199 468 1284 pribusque
481 1196 667 1262 muneribus
680 1197 839 1283 principes
854 1197 1058 1265 advenientes
1069 1200 1176 1278 vestis,
1190 1201 1315 1287 argenti

285 1311 507 1378 iquorumqua
516 1301 707 1378 excepturus
720 1313 777 1358 rex
789 1303 884 1368 esset,
899 1292 939 1359 de
954 1292 1003 1357 his
1012 1293 1142 1376 quidem
1156 1316 1191 1361 se
1206 1315 1314 1359 coram

285 1385 473 1474 cognituros
494 1385 705 1471 respondent,
727 1386 806 1450 illud
828 1386 917 1470 quod
942 1409 1092 1473 praesens
1118 1388 1314 1474 pepigissent
1333 1412 1365 1460 ιο

285 1492 496 1566 nterrogant,
509 1479 626 1564 ecquid
640 1503 763 1558 aurum,
781 1481 869 1565 quod
882 1482 915 1545 in
929 1481 1072 1568 singulos
1088 1483 1211 1570 pedites
1226 1483 1314 1567 equi·

285 1596 396 1659 esque
415 1573 623 1640 dividendum
646 1585 744 1652 esset,
772 1597 880 1641 secum
899 1576 1092 1641 adduxisset.
1129 1597 1202 1641 cum
1220 1577 1314 1641 adid
1333 1600 1363 1646 11
1404 1590 1406 1594 ’

285 1669 358 1736 ιὶΙιΞΙ
371 1666 633 1754 responderetur,
642 1667 816 1734 Clondicus
829 1671 960 1756 regulus
976 1692 1086 1736 eorum
1104 1671 1181 1749 ‘abi,
1195 1694 1313 1736 renun-

285 1765 319 1830 ia
338 1763 443 1849 ergo'
460 1762 564 1846 inquit
582 1763 674 1849 ‘regi
692 1762 755 1828 nisi
772 1787 886 1829 aurum
900 1765 1092 1849 obsidesque
1105 1767 1312 1851 accepissent,

285 1880 449 1944 nusquam
465 1857 541 1923 inde
559 1855 670 1923 Gallos
693 1859 820 1946 longius
838 1860 1010 1946 vestigium
1027 1872 1094 1926 mot
1081 1861 1189 1925 turcs.'
1234 1860 1314 1926 haec
1334 1880 1364 1928 ιι

285 1956 384 2021 elata
401 1953 476 2038 regi
488 1973 562 2017 cum
574 1964 691 2030 essent,
668 1954 865 2019 atdvooatc
879 1954 1032 2019 oonsilio
1024 1976 1098 2019 cum
1112 1955 1190 2038 quid
1203 1976 1313 2020 omnes

285 2046 411 2115 masuri
430 2058 538 2112 essent
555 2059 735 2133 appareret,
758 2049 828 2134 ipse
850 2049 1005 2134 pecuniae
1024 2070 1121 2132 quam
1139 2050 1231 2136 regni
1247 2071 1315 2115 me-

285 2141 340 2209 lior
348 2133 465 2208 custos
477 2141 590 2206 institit
599 2142 639 2207 de
651 2142 786 2228 perfidia
795 2153 827 2209 et
836 2143 961 2209 feritate
969 2142 1138 2209 Gallorum
1147 2143 1313 2222 disserere,

287 2236 493 2304 multorum
483 2258 548 2300 ram
569 2247 643 2302 ants
665 2236 810 2302 cladibus
837 2248 983 2323 experta:
1010 2237 1222 2323 periculosum
1244 2259 1314 2303 esse
1334 2255 1365 2303 ιι

291 2339 406 2397 tantam
423 2329 687 2396 multitudinem
677 2354 712 2397 m
729 2330 954 2397 Macedoniam
973 2331 1131 2417 accipere,
1151 2328 1222 2418 [ne]
1240 2353 1315 2416 gra·

285 2423 387 2536 'proras
403 2446 461 2491 eos
475 2425 576 2490 socios
591 2424 731 2491 habeant
743 2446 841 2510 quam
858 2426 965 2491 hostes
975 2426 1147 2489 Romanos
1173 2425 1314 2509 quinque
1334 2446 1366 2492 ιι

285 2518 373 2620 {tilia
389 2518 537 2604 equitum
554 2519 631 2583 satis
647 2541 727 2596 esse,
744 2519 864 2628 quibus
880 2529 911 2584 et
928 2519 974 2582 uti
990 2519 1032 2582 ad
1048 2517 1168 2583 bellum
1184 2528 1315 2603 possent

285 2573 472 2730 {equorum
490 2611 752 2681 multitudinem
742 2613 805 2698 ipsi
821 2634 886 2678 non
904 2613 1045 2676 timeant

285 2705 505 2773 Mxxvfl
531 2707 721 2793 Apparebat
738 2707 887 2772 omnibus
909 2707 1088 2771 mercedem
1106 2705 1231 2782 timere,
1254 2726 1314 2770 neo
1334 2728 1347 2775 1

285 2799 460 2885 ‚quicquam
477 2801 580 2879 aliud3
598 2801 656 2867 sed
673 2823 746 2866 cum
764 2801 899 2867 suadere
915 2797 1010 2887 [uon]
1026 2799 1202 2865 consulenti
1218 2820 1313 2864 nemo

285 2871 427 2978 luderet,
445 2895 619 2960 remittitur
635 2895 829 2982 Antigonus,
846 2894 903 2979 qui
920 2894 1081 2959 nuntiaret
1098 2893 1238 2978 quinque
1256 2893 1315 2957 mi·

303 2982 366 3053 hur
383 2988 528 3074 equitum
543 3010 640 3075 opera
656 3000 781 3053 tantum
798 2989 846 3054 uti
862 3012 918 3075 re
899 3011 982 3065 crem,
1001 3009 1066 3053 non
1082 2999 1190 3053 tenere
1208 2987 1315 3051 multi·

304 3081 431 3149 tudinem
455 3083 561 3147 aliam.
605 3083 693 3167 quod
715 3083 772 3148 ubi
794 3082 945 3148 audivere
968 3081 1110 3158 barbari,
1138 3092 1347 3150 oeterorumt

285 3175 417 3270 ¹:quidem
433 3176 581 3241 fremitus
598 3176 661 3241 fuit
676 3176 922 3264 indignantium,
941 3199 975 3241 se
992 3176 1111 3239 frustra
1128 3175 1248 3239 excitos
1266 3195 1315 3239 se·
1346 3244 1349 3249 ,

285 3267 384 3360 ,utus
396 3272 479 3348 suis3
499 3267 673 3337 Clondicus
685 3294 796 3336 rursus
809 3272 993 3356 interrogat,
1008 3268 1124 3352 ecquid
1136 3268 1213 3353 ipsis
1222 3269 1316 3352 quin·

304 3381 356 3446 que
370 3367 509 3444 milibus,
526 3366 613 3450 quod
626 3368 836 3445 convenisset,
854 3377 1045 3432 numeraret.
1075 3387 1148 3431 cum
1163 3366 1315 3430 adversus
1334 3386 1348 3432 a

285 3455 334 3540 ;,id
353 3481 478 3546 quoque
505 3461 631 3526 misceri
663 3463 817 3548 ambages
843 3472 1001 3537 cerneret,
1031 3459 1183 3524 inviolato
1209 3459 1317 3525 fallaci

306 3555 416 3632 nuntio,
438 3555 527 3639 quod
544 3556 600 3619 vix
616 3567 799 3641 speraverat
815 3556 884 3641 ipse
902 3577 996 3642 posse
1015 3553 1214 3639 contingere,
1231 3566 1315 3619 rotro

307 3645 341 3710 cd
353 3649 510 3727 Histrum,
527 3651 728 3736 perpopulati
741 3651 927 3726 Threciam,
945 3670 1010 3734 qua
1026 3648 1132 3713 vicina
1149 3658 1217 3713 erat
1234 3648 1316 3726 viae,

307 3741 464 3810 redierint.
507 3766 591 3828 quae
607 3768 721 3811 manus
744 3744 853 3828 quieto
872 3743 1001 3810 sedente
1024 3763 1101 3828 rege
1118 3741 1159 3806 ad
1177 3740 1317 3828 Elpeum
1335 3763 1352 3809 4

305 3835 445 3904 adversus
454 3840 618 3905 Romanos
632 3837 721 3926 [per]
730 3838 923 3905 Perraebiae
941 3838 1058 3902 saltum
1074 3837 1108 3901 in
1117 3835 1317 3902 Thessaliam

306 3933 439 4000 ueduata
456 3956 523 3999 non
539 3955 634 4020 agros
656 3945 782 3999 tantum
799 3933 920 3998 nudare
938 3931 1120 4018 populando
1137 3930 1255 4016 potuit,
1276 3952 1317 3995 nc

304 4041 374 4108 quos
389 4027 466 4094 inde
483 4027 621 4093 Romani
639 4041 835 4094 commeatus
854 4038 1068 4113 expectarent,
1087 4025 1143 4090 sed
1160 4025 1245 4110 ipsas
1263 4045 1318 4087 ex·
1336 4042 1351 4089 5

302 4117 419 4187 cindere
441 4122 540 4187 urbes
563 4132 689 4188 tenente
712 4121 753 4187 ad
778 4121 918 4207 Elpeum
934 4120 1055 4186 Perseo
1073 4120 1250 4192 Romanos,
1276 4139 1317 4183 ne

302 4213 425 4281 urbibus
448 4215 544 4282 sociis
565 4216 715 4303 opitulari·
734 4227 875 4303 possent.
918 4214 997 4300 ipsis
1018 4233 1146 4298 quoque
1164 4209 1317 4274 Romanis
1336 4230 1351 4278 c

300 4305 336 4373 de
351 4332 385 4376 se
402 4310 610 4397 cogitandum
631 4310 758 4388 fuisset,
785 4309 913 4396 quando
931 4330 1036 4393 neque
1056 4325 1184 4370 manere
1202 4303 1319 4370 amissa

1117 4408 1152 4460 90
