<?xml version="1.0" encoding="UTF-8"?>
<!DOCTYPE html PUBLIC "-//W3C//DTD XHTML 1.0 Transitional//EN"
    "http://www.w3.org/TR/xhtml1/DTD/xhtml1-transitional.dtd">
<html xmlns="http://www.w3.org/1999/xhtml" xml:lang="en" lang="en">
 <head>
  <title>
</title>
<meta http-equiv="Content-Type" content="text/html;charset=utf-8" />
  <meta name='ocr-system' content='tesseract 3.04.00' />
  <meta name='ocr-capabilities' content='ocr_page ocr_carea ocr_par ocr_line ocrx_word'/>
</head>
<body>
  <div class='ocr_page' id='page_1' title='image "./titiliviaburbec02weisgoog_0110.png"; bbox 0 0 3359 5092; ppageno 0'>
   <div class='ocr_carea' id='block_1_1' title="bbox 343 528 1206 609">
    <p class='ocr_par' dir='ltr' id='par_1_1' title="bbox 343 528 1206 609">
     <span class='ocr_line' id='line_1_1' title="bbox 343 528 1206 609; baseline -0.008 -11"><span class='ocrx_word' id='word_1_1' title='bbox 343 528 387 598; x_wconf 81' lang='lat'>36</span> <span class='ocrx_word' id='word_1_2' title='bbox 515 540 634 597; x_wconf 79' lang='lat' dir='ltr'>nmen</span> <span class='ocrx_word' id='word_1_3' title='bbox 650 539 809 609; x_wconf 78' lang='lat' dir='ltr'>xxxxn,</span> <span class='ocrx_word' id='word_1_4' title='bbox 828 538 927 593; x_wconf 89' lang='lat'>10.11.</span> <span class='ocrx_word' id='word_1_5' title='bbox 946 532 1206 605; x_wconf 68' lang='lat' dir='ltr'>[susurros]</span> 
     </span>
    </p>
   </div>
   <div class='ocr_carea' id='block_1_2' title="bbox 296 693 1415 4369">
    <p class='ocr_par' dir='ltr' id='par_1_2' title="bbox 343 693 1377 1069">
     <span class='ocr_line' id='line_1_2' title="bbox 343 693 1377 785; baseline -0.004 -20"><span class='ocrx_word' id='word_1_6' title='bbox 343 722 444 785; x_wconf 84' lang='lat' dir='ltr'>quam</span> <span class='ocrx_word' id='word_1_7' title='bbox 459 711 584 785; x_wconf 89' lang='lat' dir='ltr'>pestem</span> <span class='ocrx_word' id='word_1_8' title='bbox 602 697 735 783; x_wconf 88' lang='lat' dir='ltr'>frugum</span> <span class='ocrx_word' id='word_1_9' title='bbox 752 695 926 761; x_wconf 89' lang='lat' dir='ltr'>tollendam</span> <span class='ocrx_word' id='word_1_10' title='bbox 941 693 1001 760; x_wconf 88' lang='lat' dir='ltr'>Cn.</span> <span class='ocrx_word' id='word_1_11' title='bbox 1018 693 1159 761; x_wconf 76' lang='lat' dir='ltr'>Sicinius</span> <span class='ocrx_word' id='word_1_12' title='bbox 1177 705 1315 779; x_wconf 89' lang='lat' dir='ltr'>praetor</span> <span class='ocrx_word' id='word_1_13' title='bbox 1330 695 1377 761; x_wconf 73' lang='lat' dir='ltr'>de</span> 
     </span>
     <span class='ocr_line' id='line_1_3' title="bbox 345 788 1375 882; baseline -0.008 -21"><span class='ocrx_word' id='word_1_14' title='bbox 345 797 504 882; x_wconf 88' lang='lat' dir='ltr'>signatus,</span> <span class='ocrx_word' id='word_1_15' title='bbox 536 815 611 859; x_wconf 87' lang='lat' dir='ltr'>cum</span> <span class='ocrx_word' id='word_1_16' title='bbox 639 792 773 877; x_wconf 89' lang='lat' dir='ltr'>imperio</span> <span class='ocrx_word' id='word_1_17' title='bbox 806 788 880 877; x_wconf 92' lang='lat' dir='ltr'>[in]</span> <span class='ocrx_word' id='word_1_18' title='bbox 908 790 1062 876; x_wconf 81' lang='lat' dir='ltr'>Apuliam</span> <span class='ocrx_word' id='word_1_19' title='bbox 1092 790 1230 866; x_wconf 90' lang='lat' dir='ltr'>missus,</span> <span class='ocrx_word' id='word_1_20' title='bbox 1261 790 1375 877; x_wconf 87' lang='lat' dir='ltr'>ingenti</span> 
     </span>
     <span class='ocr_line' id='line_1_4' title="bbox 345 882 1374 976; baseline -0.006 -21"><span class='ocrx_word' id='word_1_21' title='bbox 345 890 475 976; x_wconf 79' lang='lat' dir='ltr'>agmine</span> <span class='ocrx_word' id='word_1_22' title='bbox 494 887 661 953; x_wconf 88' lang='lat' dir='ltr'>hominum</span> <span class='ocrx_word' id='word_1_23' title='bbox 683 886 724 950; x_wconf 86' lang='lat' dir='ltr'>ad</span> <span class='ocrx_word' id='word_1_24' title='bbox 749 883 944 971; x_wconf 84' lang='lat' dir='ltr'>colligendas</span> <span class='ocrx_word' id='word_1_25' title='bbox 967 906 1021 948; x_wconf 88' lang='lat' dir='ltr'>eas</span> <span class='ocrx_word' id='word_1_26' title='bbox 1044 894 1156 950; x_wconf 84' lang='lat' dir='ltr'>coacto</span> <span class='ocrx_word' id='word_1_27' title='bbox 1180 882 1374 968; x_wconf 84' lang='lat' dir='ltr'>aliquantmr</span> 
     </span>
     <span class='ocr_line' id='line_1_5' title="bbox 345 980 704 1069; baseline -0.017 -20"><span class='ocrx_word' id='word_1_28' title='bbox 345 982 497 1069; x_wconf 88' lang='lat' dir='ltr'>temporis</span> <span class='ocrx_word' id='word_1_29' title='bbox 515 980 704 1065; x_wconf 79' lang='lat' dir='ltr'>absumpsit.</span> 
     </span>
    </p>

    <p class='ocr_par' dir='ltr' id='par_1_3' title="bbox 296 1067 1414 1915">
     <span class='ocr_line' id='line_1_6' title="bbox 311 1067 1372 1162; baseline -0.008 -17"><span class='ocrx_word' id='word_1_30' title='bbox 311 1097 326 1145; x_wconf 85' lang='lat'><strong>9</strong></span> <span class='ocrx_word' id='word_1_31' title='bbox 409 1076 610 1162; x_wconf 88' lang='lat' dir='ltr'>Principium</span> <span class='ocrx_word' id='word_1_32' title='bbox 631 1072 827 1156; x_wconf 87' lang='lat' dir='ltr'>insequentis</span> <span class='ocrx_word' id='word_1_33' title='bbox 851 1072 940 1148; x_wconf 90' lang='lat' dir='ltr'>anni,</span> <span class='ocrx_word' id='word_1_34' title='bbox 967 1092 1032 1156; x_wconf 89' lang='lat' dir='ltr'>quo</span> <span class='ocrx_word' id='word_1_35' title='bbox 1051 1067 1090 1136; x_wconf 83' lang='lat' dir='ltr'>O.</span> <span class='ocrx_word' id='word_1_36' title='bbox 1109 1070 1276 1157; x_wconf 77' lang='lat' dir='ltr'>Popillius</span> <span class='ocrx_word' id='word_1_37' title='bbox 1295 1082 1327 1137; x_wconf 91' lang='lat' dir='ltr'>et</span> <span class='ocrx_word' id='word_1_38' title='bbox 1341 1070 1372 1136; x_wconf 91' lang='lat' dir='ltr'>P.</span> 
     </span>
     <span class='ocr_line' id='line_1_7' title="bbox 343 1164 1372 1252; baseline -0.007 -15"><span class='ocrx_word' id='word_1_39' title='bbox 343 1171 458 1237; x_wconf 86' lang='lat' dir='ltr'>Aelius</span> <span class='ocrx_word' id='word_1_40' title='bbox 479 1170 611 1235; x_wconf 80' lang='lat' dir='ltr'>fuerunt</span> <span class='ocrx_word' id='word_1_41' title='bbox 628 1167 790 1244; x_wconf 82' lang='lat' dir='ltr'>consules,</span> <span class='ocrx_word' id='word_1_42' title='bbox 811 1165 955 1231; x_wconf 90' lang='lat' dir='ltr'>residuas</span> <span class='ocrx_word' id='word_1_43' title='bbox 973 1164 1198 1232; x_wconf 82' lang='lat' dir='ltr'>contentionsa</span> <span class='ocrx_word' id='word_1_44' title='bbox 1215 1188 1258 1232; x_wconf 89' lang='lat' dir='ltr'>ex</span> <span class='ocrx_word' id='word_1_45' title='bbox 1281 1164 1372 1252; x_wconf 79' lang='lat' dir='ltr'>priore</span> 
     </span>
     <span class='ocr_line' id='line_1_8' title="bbox 296 1257 1414 1348; baseline -0.006 -17"><span class='ocrx_word' id='word_1_46' title='bbox 296 1287 329 1338; x_wconf 84' lang='grc' dir='ltr'>ιο</span> <span class='ocrx_word' id='word_1_47' title='bbox 346 1288 430 1330; x_wconf 85' lang='lat' dir='ltr'>anno</span> <span class='ocrx_word' id='word_1_48' title='bbox 456 1263 578 1328; x_wconf 85' lang='lat' dir='ltr'>habuit.</span> <span class='ocrx_word' id='word_1_49' title='bbox 627 1272 734 1348; x_wconf 88' lang='lat' dir='ltr'>patres</span> <span class='ocrx_word' id='word_1_50' title='bbox 760 1259 872 1326; x_wconf 75' lang='lat' dir='ltr'>referri</span> <span class='ocrx_word' id='word_1_51' title='bbox 898 1260 940 1325; x_wconf 89' lang='lat' dir='ltr'>de</span> <span class='ocrx_word' id='word_1_52' title='bbox 964 1259 1143 1345; x_wconf 74' lang='lat' dir='ltr'>Liguribus</span> <span class='ocrx_word' id='word_1_53' title='bbox 1170 1258 1372 1344; x_wconf 76' lang='lat' dir='ltr'>renovarique</span> <span class='ocrx_word' id='word_1_54' title='bbox 1410 1257 1414 1262; x_wconf 80' lang='grc'><strong>’</strong></span> 
     </span>
     <span class='ocr_line' id='line_1_9' title="bbox 346 1353 1371 1424; baseline -0.004 0"><span class='ocrx_word' id='word_1_55' title='bbox 346 1357 679 1424; x_wconf 86' lang='lat' dir='ltr'>senatusconsultum</span> <span class='ocrx_word' id='word_1_56' title='bbox 701 1355 852 1420; x_wconf 86' lang='lat' dir='ltr'>volebant</span> <span class='ocrx_word' id='word_1_57' title='bbox 875 1365 907 1420; x_wconf 88' lang='lat' dir='ltr'>et</span> <span class='ocrx_word' id='word_1_58' title='bbox 933 1354 1044 1420; x_wconf 88' lang='lat' dir='ltr'>consul</span> <span class='ocrx_word' id='word_1_59' title='bbox 1068 1353 1185 1418; x_wconf 85' lang='lat' dir='ltr'>Aelius</span> <span class='ocrx_word' id='word_1_60' title='bbox 1214 1354 1371 1420; x_wconf 72' lang='lat' dir='ltr'>refereba</span> 
     </span>
     <span class='ocr_line' id='line_1_10' title="bbox 345 1446 1371 1538; baseline -0.005 -20"><span class='ocrx_word' id='word_1_61' title='bbox 345 1451 503 1538; x_wconf 88' lang='lat' dir='ltr'>Popillius</span> <span class='ocrx_word' id='word_1_62' title='bbox 522 1461 554 1515; x_wconf 91' lang='lat' dir='ltr'>et</span> <span class='ocrx_word' id='word_1_63' title='bbox 569 1450 726 1535; x_wconf 83' lang='lat' dir='ltr'>collegam</span> <span class='ocrx_word' id='word_1_64' title='bbox 738 1459 770 1514; x_wconf 89' lang='lat' dir='ltr'>et</span> <span class='ocrx_word' id='word_1_65' title='bbox 788 1459 935 1514; x_wconf 89' lang='lat' dir='ltr'>senatum</span> <span class='ocrx_word' id='word_1_66' title='bbox 952 1469 1011 1534; x_wconf 90' lang='lat' dir='ltr'>pro</span> <span class='ocrx_word' id='word_1_67' title='bbox 1024 1446 1123 1512; x_wconf 83' lang='lat' dir='ltr'>fratre</span> <span class='ocrx_word' id='word_1_68' title='bbox 1138 1447 1371 1533; x_wconf 75' lang='lat' dir='ltr'>deprecabatur,</span> 
     </span>
     <span class='ocr_line' id='line_1_11' title="bbox 346 1541 1371 1632; baseline -0.005 -20"><span class='ocrx_word' id='word_1_69' title='bbox 346 1569 423 1632; x_wconf 89' lang='lat' dir='ltr'>prae</span> <span class='ocrx_word' id='word_1_70' title='bbox 441 1568 476 1610; x_wconf 89' lang='lat' dir='ltr'>se</span> <span class='ocrx_word' id='word_1_71' title='bbox 494 1545 611 1620; x_wconf 86' lang='lat' dir='ltr'>ferens,</span> <span class='ocrx_word' id='word_1_72' title='bbox 630 1544 657 1608; x_wconf 90' lang='lat' dir='ltr'>si</span> <span class='ocrx_word' id='word_1_73' title='bbox 671 1543 750 1627; x_wconf 90' lang='lat' dir='ltr'>quid</span> <span class='ocrx_word' id='word_1_74' title='bbox 764 1542 981 1619; x_wconf 83' lang='lat' dir='ltr'>decernerent,</span> <span class='ocrx_word' id='word_1_75' title='bbox 998 1541 1264 1608; x_wconf 85' lang='lat' dir='ltr'>intercessurum.</span> <span class='ocrx_word' id='word_1_76' title='bbox 1292 1542 1371 1608; x_wconf 82' lang='lat' dir='ltr'>colle·</span> 
     </span>
     <span class='ocr_line' id='line_1_12' title="bbox 297 1635 1414 1727; baseline -0.005 -19"><span class='ocrx_word' id='word_1_77' title='bbox 297 1662 326 1709; x_wconf 93' lang='lat'>11</span> <span class='ocrx_word' id='word_1_78' title='bbox 346 1663 422 1727; x_wconf 87' lang='lat' dir='ltr'>gam</span> <span class='ocrx_word' id='word_1_79' title='bbox 444 1640 612 1716; x_wconf 85' lang='lat' dir='ltr'>deterruit3</span> <span class='ocrx_word' id='word_1_80' title='bbox 638 1650 744 1724; x_wconf 88' lang='lat' dir='ltr'>patres</span> <span class='ocrx_word' id='word_1_81' title='bbox 768 1659 807 1704; x_wconf 92' lang='lat' dir='ltr'>eo</span> <span class='ocrx_word' id='word_1_82' title='bbox 829 1638 932 1723; x_wconf 86' lang='lat' dir='ltr'>magis</span> <span class='ocrx_word' id='word_1_83' title='bbox 959 1638 1086 1721; x_wconf 88' lang='lat' dir='ltr'>utrique</span> <span class='ocrx_word' id='word_1_84' title='bbox 1113 1637 1238 1723; x_wconf 85' lang='lat' dir='ltr'>pariter</span> <span class='ocrx_word' id='word_1_85' title='bbox 1265 1635 1371 1704; x_wconf 87' lang='lat' dir='ltr'>consuli</span> <span class='ocrx_word' id='word_1_86' title='bbox 1410 1645 1414 1714; x_wconf 78' lang='lat' dir='ltr'>j</span> 
     </span>
     <span class='ocr_line' id='line_1_13' title="bbox 347 1730 1372 1818; baseline -0.002 -20"><span class='ocrx_word' id='word_1_87' title='bbox 347 1734 464 1800; x_wconf 88' lang='lat' dir='ltr'>infensi</span> <span class='ocrx_word' id='word_1_88' title='bbox 486 1733 521 1798; x_wconf 91' lang='lat' dir='ltr'>in</span> <span class='ocrx_word' id='word_1_89' title='bbox 542 1734 669 1818; x_wconf 89' lang='lat' dir='ltr'>incepto</span> <span class='ocrx_word' id='word_1_90' title='bbox 692 1731 887 1817; x_wconf 78' lang='lat' dir='ltr'>perstabant.</span> <span class='ocrx_word' id='word_1_91' title='bbox 930 1731 1041 1815; x_wconf 85' lang='lat' dir='ltr'>itaque</span> <span class='ocrx_word' id='word_1_92' title='bbox 1058 1753 1133 1798; x_wconf 88' lang='lat' dir='ltr'>cum</span> <span class='ocrx_word' id='word_1_93' title='bbox 1151 1731 1193 1797; x_wconf 90' lang='lat' dir='ltr'>de</span> <span class='ocrx_word' id='word_1_94' title='bbox 1213 1730 1372 1817; x_wconf 80' lang='lat' dir='ltr'>provinciis</span> 
     </span>
     <span class='ocr_line' id='line_1_14' title="bbox 347 1825 1372 1915; baseline -0.004 -21"><span class='ocrx_word' id='word_1_95' title='bbox 347 1839 497 1915; x_wconf 78' lang='lat' dir='ltr'>ageretur</span> <span class='ocrx_word' id='word_1_96' title='bbox 519 1839 551 1893; x_wconf 91' lang='lat' dir='ltr'>et</span> <span class='ocrx_word' id='word_1_97' title='bbox 567 1826 761 1893; x_wconf 89' lang='lat' dir='ltr'>Macedonia</span> <span class='ocrx_word' id='word_1_98' title='bbox 784 1826 849 1891; x_wconf 90' lang='lat' dir='ltr'>iam</span> <span class='ocrx_word' id='word_1_99' title='bbox 866 1827 1041 1892; x_wconf 87' lang='lat' dir='ltr'>inminente</span> <span class='ocrx_word' id='word_1_100' title='bbox 1057 1825 1173 1892; x_wconf 82' lang='lat' dir='ltr'>Persei</span> <span class='ocrx_word' id='word_1_101' title='bbox 1191 1825 1281 1893; x_wconf 88' lang='lat' dir='ltr'>bello</span> <span class='ocrx_word' id='word_1_102' title='bbox 1298 1836 1372 1913; x_wconf 75' lang='lat' dir='ltr'>petr</span> 
     </span>
    </p>

    <p class='ocr_par' dir='ltr' id='par_1_4' title="bbox 297 1919 1415 2292">
     <span class='ocr_line' id='line_1_15' title="bbox 297 1919 1374 2008; baseline -0.003 -18"><span class='ocrx_word' id='word_1_103' title='bbox 297 1942 328 1990; x_wconf 80' lang='lat'>12</span> <span class='ocrx_word' id='word_1_104' title='bbox 346 1935 448 1998; x_wconf 91' lang='lat' dir='ltr'>retur,</span> <span class='ocrx_word' id='word_1_105' title='bbox 467 1922 606 2008; x_wconf 86' lang='lat' dir='ltr'>Ligures</span> <span class='ocrx_word' id='word_1_106' title='bbox 629 1921 786 1985; x_wconf 88' lang='lat' dir='ltr'>ambobus</span> <span class='ocrx_word' id='word_1_107' title='bbox 809 1920 993 1986; x_wconf 88' lang='lat' dir='ltr'>consulibus</span> <span class='ocrx_word' id='word_1_108' title='bbox 1012 1919 1208 1999; x_wconf 79' lang='lat' dir='ltr'>decernunt3</span> <span class='ocrx_word' id='word_1_109' title='bbox 1232 1919 1374 1987; x_wconf 87' lang='lat' dir='ltr'>Macedo·</span> 
     </span>
     <span class='ocr_line' id='line_1_16' title="bbox 347 2013 1415 2102; baseline -0.001 -20"><span class='ocrx_word' id='word_1_110' title='bbox 347 2018 434 2082; x_wconf 90' lang='lat' dir='ltr'>niam</span> <span class='ocrx_word' id='word_1_111' title='bbox 457 2016 639 2083; x_wconf 86' lang='lat' dir='ltr'>decreturos</span> <span class='ocrx_word' id='word_1_112' title='bbox 661 2026 796 2102; x_wconf 86' lang='lat' dir='ltr'>negant,</span> <span class='ocrx_word' id='word_1_113' title='bbox 823 2013 888 2102; x_wconf 85' lang='lat' dir='ltr'>[ni]</span> <span class='ocrx_word' id='word_1_114' title='bbox 912 2016 952 2082; x_wconf 88' lang='lat' dir='ltr'>de</span> <span class='ocrx_word' id='word_1_115' title='bbox 969 2015 1019 2082; x_wconf 90' lang='grc' dir='ltr'>Μ.</span> <span class='ocrx_word' id='word_1_116' title='bbox 1037 2015 1179 2102; x_wconf 89' lang='lat' dir='ltr'>Popillio</span> <span class='ocrx_word' id='word_1_117' title='bbox 1203 2017 1375 2083; x_wconf 86' lang='lat' dir='ltr'>referretur.</span> <span class='ocrx_word' id='word_1_118' title='bbox 1408 2084 1415 2094; x_wconf 75' lang='grc'>,</span> 
     </span>
     <span class='ocr_line' id='line_1_17' title="bbox 348 2109 1414 2199; baseline 0.002 -23"><span class='ocrx_word' id='word_1_119' title='bbox 348 2111 583 2197; x_wconf 84' lang='lat' dir='ltr'>postulantibus</span> <span class='ocrx_word' id='word_1_120' title='bbox 616 2109 746 2187; x_wconf 86' lang='lat' dir='ltr'>deinde,</span> <span class='ocrx_word' id='word_1_121' title='bbox 777 2121 813 2175; x_wconf 90' lang='lat' dir='ltr'>ut</span> <span class='ocrx_word' id='word_1_122' title='bbox 844 2132 944 2176; x_wconf 86' lang='lat' dir='ltr'>novos</span> <span class='ocrx_word' id='word_1_123' title='bbox 971 2111 1129 2177; x_wconf 86' lang='lat' dir='ltr'>exercitus</span> <span class='ocrx_word' id='word_1_124' title='bbox 1162 2112 1308 2178; x_wconf 88' lang='lat' dir='ltr'>scribere</span> <span class='ocrx_word' id='word_1_125' title='bbox 1333 2121 1378 2177; x_wconf 81' lang='lat' dir='ltr'>an</span> <span class='ocrx_word' id='word_1_126' title='bbox 1413 2193 1414 2199; x_wconf 7' lang='grc' dir='ltr'>ἵ</span> 
     </span>
     <span class='ocr_line' id='line_1_18' title="bbox 349 2204 1415 2292; baseline 0.002 -21"><span class='ocrx_word' id='word_1_127' title='bbox 349 2207 606 2292; x_wconf 89' lang='lat' dir='ltr'>supplementum</span> <span class='ocrx_word' id='word_1_128' title='bbox 628 2205 790 2270; x_wconf 89' lang='lat' dir='ltr'>veteribus</span> <span class='ocrx_word' id='word_1_129' title='bbox 813 2204 937 2282; x_wconf 89' lang='lat' dir='ltr'>liceret,</span> <span class='ocrx_word' id='word_1_130' title='bbox 959 2215 1132 2290; x_wconf 84' lang='lat' dir='ltr'>utrumque</span> <span class='ocrx_word' id='word_1_131' title='bbox 1150 2218 1313 2292; x_wconf 87' lang='lat' dir='ltr'>negatum</span> <span class='ocrx_word' id='word_1_132' title='bbox 1330 2219 1380 2272; x_wconf 81' lang='lat' dir='ltr'>est·</span> <span class='ocrx_word' id='word_1_133' title='bbox 1413 2206 1415 2212; x_wconf 71' lang='grc'><strong>’</strong></span> 
     </span>
    </p>

    <p class='ocr_par' dir='ltr' id='par_1_5' title="bbox 300 2299 1414 2510">
     <span class='ocr_line' id='line_1_19' title="bbox 300 2299 1382 2390; baseline 0.003 -26"><span class='ocrx_word' id='word_1_134' title='bbox 300 2326 331 2373; x_wconf 81' lang='lat'>13</span> <span class='ocrx_word' id='word_1_135' title='bbox 348 2299 555 2388; x_wconf 84' lang='lat' dir='ltr'>praetoribus·</span> <span class='ocrx_word' id='word_1_136' title='bbox 570 2320 699 2383; x_wconf 88' lang='lat' dir='ltr'>quoque</span> <span class='ocrx_word' id='word_1_137' title='bbox 722 2299 757 2364; x_wconf 91' lang='lat' dir='ltr'>in</span> <span class='ocrx_word' id='word_1_138' title='bbox 773 2299 967 2385; x_wconf 86' lang='lat' dir='ltr'>Hispaniam</span> <span class='ocrx_word' id='word_1_139' title='bbox 989 2302 1257 2386; x_wconf 89' lang='lat' dir='ltr'>supplementum</span> <span class='ocrx_word' id='word_1_140' title='bbox 1279 2312 1382 2390; x_wconf 88' lang='lat' dir='ltr'>peten-</span> 
     </span>
     <span class='ocr_line' id='line_1_20' title="bbox 350 2389 1414 2510; baseline 0.001 -51"><span class='ocrx_word' id='word_1_141' title='bbox 350 2394 436 2459; x_wconf 87' lang='lat' dir='ltr'>tibus</span> <span class='ocrx_word' id='word_1_142' title='bbox 453 2405 616 2480; x_wconf 85' lang='lat' dir='ltr'>negatum,</span> <span class='ocrx_word' id='word_1_143' title='bbox 634 2389 683 2459; x_wconf 90' lang='lat' dir='ltr'>M.</span> <span class='ocrx_word' id='word_1_144' title='bbox 698 2393 792 2458; x_wconf 91' lang='lat' dir='ltr'>Iunio</span> <span class='ocrx_word' id='word_1_145' title='bbox 811 2391 876 2479; x_wconf 84' lang='lat' dir='ltr'>[in]</span> <span class='ocrx_word' id='word_1_146' title='bbox 895 2394 1084 2472; x_wconf 85' lang='lat' dir='ltr'>citeriorem,</span> <span class='ocrx_word' id='word_1_147' title='bbox 1104 2393 1163 2481; x_wconf 88' lang='lat' dir='ltr'>Sp.</span> <span class='ocrx_word' id='word_1_148' title='bbox 1179 2394 1384 2463; x_wconf 83' lang='lat' dir='ltr'>Lucretioin</span> <span class='ocrx_word' id='word_1_149' title='bbox 1411 2443 1414 2510; x_wconf 44' lang='lat'>1</span> 
     </span>
    </p>

    <p class='ocr_par' dir='ltr' id='par_1_6' title="bbox 299 2486 1386 2669">
     <span class='ocr_line' id='line_1_21' title="bbox 299 2486 1384 2564; baseline 0.001 -8"><span class='ocrx_word' id='word_1_150' title='bbox 299 2514 332 2563; x_wconf 87' lang='lat'>14</span> <span class='ocrx_word' id='word_1_151' title='bbox 349 2491 541 2557; x_wconf 87' lang='lat' dir='ltr'>ulteriorem.</span> <span class='ocrx_word' id='word_1_152' title='bbox 569 2487 610 2556; x_wconf 85' lang='lat' dir='ltr'>O.</span> <span class='ocrx_word' id='word_1_153' title='bbox 628 2489 773 2554; x_wconf 91' lang='lat' dir='ltr'>Licinius</span> <span class='ocrx_word' id='word_1_154' title='bbox 792 2486 929 2555; x_wconf 85' lang='lat' dir='ltr'>Crassus</span> <span class='ocrx_word' id='word_1_155' title='bbox 945 2490 1105 2555; x_wconf 86' lang='lat' dir='ltr'>urbanam</span> <span class='ocrx_word' id='word_1_156' title='bbox 1121 2490 1384 2564; x_wconf 82' lang='lat' dir='ltr'>iurisdictionem,</span> 
     </span>
     <span class='ocr_line' id='line_1_22' title="bbox 351 2582 1386 2669; baseline -0.002 -17"><span class='ocrx_word' id='word_1_157' title='bbox 351 2584 412 2652; x_wconf 84' lang='lat' dir='ltr'>Cn.</span> <span class='ocrx_word' id='word_1_158' title='bbox 432 2584 571 2652; x_wconf 87' lang='lat' dir='ltr'>Sicinius</span> <span class='ocrx_word' id='word_1_159' title='bbox 589 2583 672 2649; x_wconf 88' lang='lat' dir='ltr'>inter</span> <span class='ocrx_word' id='word_1_160' title='bbox 688 2583 874 2669; x_wconf 85' lang='lat' dir='ltr'>peregrinos</span> <span class='ocrx_word' id='word_1_161' title='bbox 892 2594 960 2650; x_wconf 86' lang='lat' dir='ltr'>erat</span> <span class='ocrx_word' id='word_1_162' title='bbox 983 2584 1128 2662; x_wconf 90' lang='lat' dir='ltr'>sortitus,</span> <span class='ocrx_word' id='word_1_163' title='bbox 1148 2582 1189 2650; x_wconf 84' lang='lat' dir='ltr'>C.</span> <span class='ocrx_word' id='word_1_164' title='bbox 1210 2585 1386 2653; x_wconf 83' lang='lat' dir='ltr'>Memmius</span> 
     </span>
    </p>

    <p class='ocr_par' dir='ltr' id='par_1_7' title="bbox 301 2676 1387 3118">
     <span class='ocr_line' id='line_1_23' title="bbox 301 2676 1385 2764; baseline 0.001 -17"><span class='ocrx_word' id='word_1_165' title='bbox 301 2702 331 2748; x_wconf 83' lang='lat'>15</span> <span class='ocrx_word' id='word_1_166' title='bbox 352 2679 510 2756; x_wconf 87' lang='lat' dir='ltr'>Siciliam,</span> <span class='ocrx_word' id='word_1_167' title='bbox 534 2678 591 2764; x_wconf 88' lang='lat' dir='ltr'>Sp.</span> <span class='ocrx_word' id='word_1_168' title='bbox 612 2676 746 2742; x_wconf 86' lang='lat' dir='ltr'>Cluvius</span> <span class='ocrx_word' id='word_1_169' title='bbox 770 2677 962 2744; x_wconf 89' lang='lat' dir='ltr'>Sardiniam.</span> <span class='ocrx_word' id='word_1_170' title='bbox 1011 2680 1159 2745; x_wconf 89' lang='lat' dir='ltr'>eonsules</span> <span class='ocrx_word' id='word_1_171' title='bbox 1183 2682 1229 2746; x_wconf 93' lang='lat' dir='ltr'>ob</span> <span class='ocrx_word' id='word_1_172' title='bbox 1255 2705 1296 2748; x_wconf 88' lang='lat' dir='ltr'>ea</span> <span class='ocrx_word' id='word_1_173' title='bbox 1319 2677 1385 2747; x_wconf 73' lang='lat' dir='ltr'>irati</span> 
     </span>
     <span class='ocr_line' id='line_1_24' title="bbox 352 2771 1386 2859; baseline 0.002 -20"><span class='ocrx_word' id='word_1_174' title='bbox 352 2774 491 2848; x_wconf 86' lang='lat' dir='ltr'>senatui,</span> <span class='ocrx_word' id='word_1_175' title='bbox 513 2772 640 2836; x_wconf 90' lang='lat' dir='ltr'>Latinis</span> <span class='ocrx_word' id='word_1_176' title='bbox 662 2771 739 2836; x_wconf 87' lang='lat' dir='ltr'>feris</span> <span class='ocrx_word' id='word_1_177' title='bbox 756 2771 790 2836; x_wconf 92' lang='lat' dir='ltr'>in</span> <span class='ocrx_word' id='word_1_178' title='bbox 807 2772 947 2857; x_wconf 87' lang='lat' dir='ltr'>primam.</span> <span class='ocrx_word' id='word_1_179' title='bbox 962 2795 1125 2859; x_wconf 86' lang='lat' dir='ltr'>quamque</span> <span class='ocrx_word' id='word_1_180' title='bbox 1143 2774 1234 2840; x_wconf 91' lang='lat' dir='ltr'>diem</span> <span class='ocrx_word' id='word_1_181' title='bbox 1252 2775 1386 2852; x_wconf 82' lang='lat' dir='ltr'>indictis,</span> 
     </span>
     <span class='ocr_line' id='line_1_25' title="bbox 351 2865 1386 2955; baseline 0.004 -24"><span class='ocrx_word' id='word_1_182' title='bbox 351 2867 384 2931; x_wconf 89' lang='lat' dir='ltr'>in</span> <span class='ocrx_word' id='word_1_183' title='bbox 402 2865 598 2950; x_wconf 87' lang='lat' dir='ltr'>provinciam</span> <span class='ocrx_word' id='word_1_184' title='bbox 621 2865 762 2931; x_wconf 90' lang='lat' dir='ltr'>abituros</span> <span class='ocrx_word' id='word_1_185' title='bbox 780 2887 850 2931; x_wconf 88' lang='lat' dir='ltr'>esse</span> <span class='ocrx_word' id='word_1_186' title='bbox 868 2866 1110 2943; x_wconf 82' lang='lat' dir='ltr'>denuntianmt,</span> <span class='ocrx_word' id='word_1_187' title='bbox 1132 2890 1195 2933; x_wconf 90' lang='lat' dir='ltr'>nec</span> <span class='ocrx_word' id='word_1_188' title='bbox 1214 2869 1386 2955; x_wconf 74' lang='lat' dir='ltr'>quiequam</span> 
     </span>
     <span class='ocr_line' id='line_1_26' title="bbox 351 2959 1387 3048; baseline 0.007 -25"><span class='ocrx_word' id='word_1_189' title='bbox 351 2959 562 3045; x_wconf 88' lang='lat' dir='ltr'>reipublicae</span> <span class='ocrx_word' id='word_1_190' title='bbox 583 2969 708 3024; x_wconf 89' lang='lat' dir='ltr'>acturos</span> <span class='ocrx_word' id='word_1_191' title='bbox 731 2969 954 3044; x_wconf 72' lang='lat' dir='ltr'>praeterquam</span> <span class='ocrx_word' id='word_1_192' title='bbox 977 2962 1065 3045; x_wconf 89' lang='lat' dir='ltr'>quod</span> <span class='ocrx_word' id='word_1_193' title='bbox 1082 2961 1125 3026; x_wconf 93' lang='lat' dir='ltr'>ad</span> <span class='ocrx_word' id='word_1_194' title='bbox 1147 2963 1387 3048; x_wconf 76' lang='lat' dir='ltr'>provinciam</span> 
     </span>
     <span class='ocr_line' id='line_1_27' title="bbox 352 3052 838 3118; baseline -0.004 0"><span class='ocrx_word' id='word_1_195' title='bbox 352 3052 657 3118; x_wconf 85' lang='lat' dir='ltr'>administrationem</span> <span class='ocrx_word' id='word_1_196' title='bbox 675 3052 838 3118; x_wconf 88' lang='lat' dir='ltr'>adtineret.</span> 
     </span>
    </p>

    <p class='ocr_par' dir='ltr' id='par_1_8' title="bbox 319 3146 1414 3519">
     <span class='ocr_line' id='line_1_28' title="bbox 319 3146 1385 3235; baseline -0.001 -19"><span class='ocrx_word' id='word_1_197' title='bbox 319 3171 331 3216; x_wconf 91' lang='lat'>1</span> <span class='ocrx_word' id='word_1_198' title='bbox 414 3147 479 3214; x_wconf 86' lang='lat' dir='ltr'>XI.</span> <span class='ocrx_word' id='word_1_199' title='bbox 497 3149 655 3225; x_wconf 87' lang='lat' dir='ltr'>Attalum,</span> <span class='ocrx_word' id='word_1_200' title='bbox 673 3148 758 3232; x_wconf 86' lang='lat' dir='ltr'>regis</span> <span class='ocrx_word' id='word_1_201' title='bbox 768 3146 923 3212; x_wconf 85' lang='lat' dir='ltr'>Eumenis</span> <span class='ocrx_word' id='word_1_202' title='bbox 937 3147 1079 3225; x_wconf 71' lang='lat' dir='ltr'>fiunem,</span> <span class='ocrx_word' id='word_1_203' title='bbox 1097 3151 1250 3235; x_wconf 89' lang='lat' dir='ltr'>legatum</span> <span class='ocrx_word' id='word_1_204' title='bbox 1264 3151 1385 3218; x_wconf 77' lang='lat' dir='ltr'>venisse</span> 
     </span>
     <span class='ocr_line' id='line_1_29' title="bbox 351 3240 1414 3311; baseline 0 -3"><span class='ocrx_word' id='word_1_205' title='bbox 351 3242 489 3308; x_wconf 88' lang='lat' dir='ltr'>Romam</span> <span class='ocrx_word' id='word_1_206' title='bbox 507 3242 655 3309; x_wconf 87' lang='lat' dir='ltr'>Valerius</span> <span class='ocrx_word' id='word_1_207' title='bbox 677 3242 795 3306; x_wconf 88' lang='lat' dir='ltr'>Antias</span> <span class='ocrx_word' id='word_1_208' title='bbox 816 3241 866 3305; x_wconf 90' lang='lat' dir='ltr'>bis</span> <span class='ocrx_word' id='word_1_209' title='bbox 889 3240 1074 3308; x_wconf 87' lang='lat' dir='ltr'>consulibus</span> <span class='ocrx_word' id='word_1_210' title='bbox 1098 3244 1211 3309; x_wconf 85' lang='lat' dir='ltr'>scribit</span> <span class='ocrx_word' id='word_1_211' title='bbox 1235 3246 1281 3311; x_wconf 90' lang='lat' dir='ltr'>ad</span> <span class='ocrx_word' id='word_1_212' title='bbox 1303 3244 1386 3311; x_wconf 84' lang='lat' dir='ltr'>defo-</span> <span class='ocrx_word' id='word_1_213' title='bbox 1409 3267 1414 3296; x_wconf 63' lang='lat' dir='ltr'>r</span> 
     </span>
     <span class='ocr_line' id='line_1_30' title="bbox 351 3335 1414 3424; baseline 0.008 -25"><span class='ocrx_word' id='word_1_214' title='bbox 351 3337 451 3402; x_wconf 89' lang='lat' dir='ltr'>reuda</span> <span class='ocrx_word' id='word_1_215' title='bbox 475 3337 515 3402; x_wconf 92' lang='lat' dir='ltr'>de</span> <span class='ocrx_word' id='word_1_216' title='bbox 532 3335 653 3402; x_wconf 88' lang='lat' dir='ltr'>Perseo</span> <span class='ocrx_word' id='word_1_217' title='bbox 676 3337 808 3401; x_wconf 89' lang='lat' dir='ltr'>crimina</span> <span class='ocrx_word' id='word_1_218' title='bbox 828 3335 1081 3422; x_wconf 88' lang='lat' dir='ltr'>indicandosque</span> <span class='ocrx_word' id='word_1_219' title='bbox 1104 3351 1286 3424; x_wconf 88' lang='lat' dir='ltr'>apparatus</span> <span class='ocrx_word' id='word_1_220' title='bbox 1305 3337 1385 3406; x_wconf 83' lang='lat' dir='ltr'>belli·-</span> <span class='ocrx_word' id='word_1_221' title='bbox 1408 3357 1414 3408; x_wconf 64' lang='lat'>,¹</span> 
     </span>
     <span class='ocr_line' id='line_1_31' title="bbox 351 3413 1414 3519; baseline 0.008 -27"><span class='ocrx_word' id='word_1_222' title='bbox 351 3429 491 3514; x_wconf 85' lang='lat' dir='ltr'>plurium</span> <span class='ocrx_word' id='word_1_223' title='bbox 513 3430 658 3505; x_wconf 88' lang='lat' dir='ltr'>annales,</span> <span class='ocrx_word' id='word_1_224' title='bbox 681 3441 713 3495; x_wconf 94' lang='lat' dir='ltr'>et</span> <span class='ocrx_word' id='word_1_225' title='bbox 730 3430 847 3513; x_wconf 92' lang='lat' dir='ltr'>quibus</span> <span class='ocrx_word' id='word_1_226' title='bbox 865 3430 1037 3497; x_wconf 87' lang='lat' dir='ltr'>credidisse</span> <span class='ocrx_word' id='word_1_227' title='bbox 1058 3432 1169 3509; x_wconf 89' lang='lat' dir='ltr'>malis,</span> <span class='ocrx_word' id='word_1_228' title='bbox 1192 3434 1306 3519; x_wconf 89' lang='lat' dir='ltr'>ipsum</span> <span class='ocrx_word' id='word_1_229' title='bbox 1323 3432 1386 3497; x_wconf 76' lang='lat' dir='ltr'>uu·</span> <span class='ocrx_word' id='word_1_230' title='bbox 1406 3413 1414 3502; x_wconf 88' lang='lat' dir='ltr'>l</span> 
     </span>
    </p>

    <p class='ocr_par' dir='ltr' id='par_1_9' title="bbox 319 3522 1414 3918">
     <span class='ocr_line' id='line_1_32' title="bbox 319 3522 1385 3611; baseline 0.007 -21"><span class='ocrx_word' id='word_1_231' title='bbox 319 3544 334 3590; x_wconf 84' lang='lat'>2</span> <span class='ocrx_word' id='word_1_232' title='bbox 352 3544 479 3587; x_wconf 87' lang='lat' dir='ltr'>merem</span> <span class='ocrx_word' id='word_1_233' title='bbox 492 3522 617 3588; x_wconf 84' lang='lat' dir='ltr'>venisse</span> <span class='ocrx_word' id='word_1_234' title='bbox 630 3523 769 3588; x_wconf 88' lang='lat' dir='ltr'>tradunt.</span> <span class='ocrx_word' id='word_1_235' title='bbox 796 3523 958 3589; x_wconf 82' lang='lat' dir='ltr'>Eumenes</span> <span class='ocrx_word' id='word_1_236' title='bbox 976 3526 1075 3611; x_wconf 89' lang='lat' dir='ltr'>igitur</span> <span class='ocrx_word' id='word_1_237' title='bbox 1090 3526 1282 3594; x_wconf 85' lang='lat' dir='ltr'>utRomam</span> <span class='ocrx_word' id='word_1_238' title='bbox 1293 3526 1385 3599; x_wconf 62' lang='lat' dir='ltr'>venit</span> 
     </span>
     <span class='ocr_line' id='line_1_33' title="bbox 354 3617 1383 3701; baseline 0.003 -17"><span class='ocrx_word' id='word_1_239' title='bbox 354 3627 506 3701; x_wconf 83' lang='lat' dir='ltr'>exceptus</span> <span class='ocrx_word' id='word_1_240' title='bbox 525 3638 598 3681; x_wconf 91' lang='lat' dir='ltr'>eum</span> <span class='ocrx_word' id='word_1_241' title='bbox 615 3627 703 3682; x_wconf 89' lang='lat' dir='ltr'>tanto</span> <span class='ocrx_word' id='word_1_242' title='bbox 721 3617 840 3683; x_wconf 91' lang='lat' dir='ltr'>honere</span> <span class='ocrx_word' id='word_1_243' title='bbox 859 3629 1014 3701; x_wconf 90' lang='lat' dir='ltr'>quantum</span> <span class='ocrx_word' id='word_1_244' title='bbox 1031 3642 1096 3684; x_wconf 92' lang='lat' dir='ltr'>non</span> <span class='ocrx_word' id='word_1_245' title='bbox 1115 3622 1244 3687; x_wconf 88' lang='lat' dir='ltr'>meritis</span> <span class='ocrx_word' id='word_1_246' title='bbox 1265 3632 1383 3687; x_wconf 77' lang='lat' dir='ltr'>anem</span> 
     </span>
     <span class='ocr_line' id='line_1_34' title="bbox 354 3679 1414 3799; baseline 0.008 -25"><span class='ocrx_word' id='word_1_247' title='bbox 354 3709 432 3785; x_wconf 91' lang='lat' dir='ltr'>eius,</span> <span class='ocrx_word' id='word_1_248' title='bbox 451 3721 499 3775; x_wconf 91' lang='lat' dir='ltr'>set</span> <span class='ocrx_word' id='word_1_249' title='bbox 517 3710 677 3776; x_wconf 89' lang='lat' dir='ltr'>benefieiis</span> <span class='ocrx_word' id='word_1_250' title='bbox 696 3711 792 3777; x_wconf 89' lang='lat' dir='ltr'>etiam</span> <span class='ocrx_word' id='word_1_251' title='bbox 810 3711 888 3789; x_wconf 87' lang='lat' dir='ltr'>suis,</span> <span class='ocrx_word' id='word_1_252' title='bbox 904 3712 1048 3799; x_wconf 89' lang='lat' dir='ltr'>ingentia</span> <span class='ocrx_word' id='word_1_253' title='bbox 1065 3735 1150 3798; x_wconf 90' lang='lat' dir='ltr'>quae</span> <span class='ocrx_word' id='word_1_254' title='bbox 1168 3715 1205 3781; x_wconf 93' lang='lat' dir='ltr'>in</span> <span class='ocrx_word' id='word_1_255' title='bbox 1223 3739 1303 3782; x_wconf 91' lang='lat' dir='ltr'>enm</span> <span class='ocrx_word' id='word_1_256' title='bbox 1316 3735 1383 3781; x_wconf 82' lang='lat' dir='ltr'>cou-</span> <span class='ocrx_word' id='word_1_257' title='bbox 1404 3679 1414 3782; x_wconf 84' lang='lat' dir='ltr'>l</span> 
     </span>
     <span class='ocr_line' id='line_1_35' title="bbox 354 3797 1414 3918; baseline 0.006 -50"><span class='ocrx_word' id='word_1_258' title='bbox 354 3815 444 3888; x_wconf 85' lang='lat' dir='ltr'>gesta</span> <span class='ocrx_word' id='word_1_259' title='bbox 463 3815 565 3881; x_wconf 85' lang='lat' dir='ltr'>erant,</span> <span class='ocrx_word' id='word_1_260' title='bbox 584 3806 778 3871; x_wconf 84' lang='lat' dir='ltr'>existimaret</span> <span class='ocrx_word' id='word_1_261' title='bbox 795 3804 904 3871; x_wconf 90' lang='lat' dir='ltr'>deberi</span> <span class='ocrx_word' id='word_1_262' title='bbox 920 3808 1059 3892; x_wconf 90' lang='lat' dir='ltr'>populus</span> <span class='ocrx_word' id='word_1_263' title='bbox 1077 3808 1269 3889; x_wconf 89' lang='lat' dir='ltr'>Romanus,</span> <span class='ocrx_word' id='word_1_264' title='bbox 1291 3812 1325 3876; x_wconf 92' lang='lat' dir='ltr'>in</span> <span class='ocrx_word' id='word_1_265' title='bbox 1340 3827 1383 3874; x_wconf 82' lang='lat' dir='ltr'>se·</span> <span class='ocrx_word' id='word_1_266' title='bbox 1402 3797 1414 3918; x_wconf 55' lang='lat' dir='ltr'>l</span> 
     </span>
    </p>

    <p class='ocr_par' dir='ltr' id='par_1_10' title="bbox 321 3898 1414 4263">
     <span class='ocr_line' id='line_1_36' title="bbox 321 3898 1414 3976; baseline 0.011 -14"><span class='ocrx_word' id='word_1_267' title='bbox 321 3907 465 3962; x_wconf 80' lang='lat' dir='ltr'>suatum</span> <span class='ocrx_word' id='word_1_268' title='bbox 491 3909 540 3962; x_wconf 87' lang='lat' dir='ltr'>est</span> <span class='ocrx_word' id='word_1_269' title='bbox 564 3898 771 3965; x_wconf 88' lang='lat' dir='ltr'>introductus.</span> <span class='ocrx_word' id='word_1_270' title='bbox 825 3921 955 3965; x_wconf 87' lang='lat' dir='ltr'>causam</span> <span class='ocrx_word' id='word_1_271' title='bbox 981 3902 1133 3968; x_wconf 89' lang='lat' dir='ltr'>veniendi</span> <span class='ocrx_word' id='word_1_272' title='bbox 1159 3904 1224 3969; x_wconf 90' lang='lat' dir='ltr'>sibi</span> <span class='ocrx_word' id='word_1_273' title='bbox 1252 3906 1381 3971; x_wconf 74' lang='lat' dir='ltr'>Roman</span> <span class='ocrx_word' id='word_1_274' title='bbox 1402 3921 1414 3976; x_wconf 82' lang='lat' dir='ltr'>t</span> 
     </span>
     <span class='ocr_line' id='line_1_37' title="bbox 354 3989 1414 4138; baseline 0.015 -83"><span class='ocrx_word' id='word_1_275' title='bbox 354 3990 453 4056; x_wconf 80' lang='lat' dir='ltr'>fuisse</span> <span class='ocrx_word' id='word_1_276' title='bbox 472 3990 551 4056; x_wconf 85' lang='lat' dir='ltr'>dixit</span> <span class='ocrx_word' id='word_1_277' title='bbox 568 4003 693 4076; x_wconf 87' lang='lat' dir='ltr'>praeter</span> <span class='ocrx_word' id='word_1_278' title='bbox 711 3993 917 4080; x_wconf 90' lang='lat' dir='ltr'>cupiditatem</span> <span class='ocrx_word' id='word_1_279' title='bbox 929 3996 1055 4061; x_wconf 85' lang='lat' dir='ltr'>visendi</span> <span class='ocrx_word' id='word_1_280' title='bbox 1069 3996 1147 4062; x_wconf 90' lang='lat' dir='ltr'>deos</span> <span class='ocrx_word' id='word_1_281' title='bbox 1166 3998 1380 4083; x_wconf 75' lang='lat' dir='ltr'>hominesque,</span> <span class='ocrx_word' id='word_1_282' title='bbox 1406 3989 1414 4138; x_wconf 64' lang='lat'><strong>⁴</strong></span> 
     </span>
     <span class='ocr_line' id='line_1_38' title="bbox 354 4085 1383 4178; baseline 0.006 -29"><span class='ocrx_word' id='word_1_283' title='bbox 354 4105 489 4168; x_wconf 89' lang='lat' dir='ltr'>quorum</span> <span class='ocrx_word' id='word_1_284' title='bbox 516 4085 670 4152; x_wconf 86' lang='lat' dir='ltr'>beneficio</span> <span class='ocrx_word' id='word_1_285' title='bbox 696 4088 729 4152; x_wconf 92' lang='lat' dir='ltr'>in</span> <span class='ocrx_word' id='word_1_286' title='bbox 752 4111 790 4153; x_wconf 89' lang='lat' dir='ltr'>ea</span> <span class='ocrx_word' id='word_1_287' title='bbox 816 4087 945 4152; x_wconf 88' lang='lat' dir='ltr'>fortuna</span> <span class='ocrx_word' id='word_1_288' title='bbox 967 4102 1066 4167; x_wconf 89' lang='lat' dir='ltr'>osset,</span> <span class='ocrx_word' id='word_1_289' title='bbox 1094 4114 1197 4178; x_wconf 88' lang='lat' dir='ltr'>supra</span> <span class='ocrx_word' id='word_1_290' title='bbox 1223 4115 1325 4177; x_wconf 84' lang='lat' dir='ltr'>quum</span> <span class='ocrx_word' id='word_1_291' title='bbox 1347 4107 1383 4155; x_wconf 75' lang='lat' dir='ltr'>so</span> 
     </span>
     <span class='ocr_line' id='line_1_39' title="bbox 355 4153 1414 4263; baseline 0.011 -22"><span class='ocrx_word' id='word_1_292' title='bbox 355 4190 464 4262; x_wconf 87' lang='lat' dir='ltr'>optare</span> <span class='ocrx_word' id='word_1_293' title='bbox 477 4179 607 4263; x_wconf 90' lang='lat' dir='ltr'>quidem</span> <span class='ocrx_word' id='word_1_294' title='bbox 625 4180 766 4258; x_wconf 90' lang='lat' dir='ltr'>auderet,</span> <span class='ocrx_word' id='word_1_295' title='bbox 785 4182 881 4247; x_wconf 86' lang='lat' dir='ltr'>etiam</span> <span class='ocrx_word' id='word_1_296' title='bbox 897 4192 934 4246; x_wconf 92' lang='lat' dir='ltr'>ut</span> <span class='ocrx_word' id='word_1_297' title='bbox 951 4205 1060 4249; x_wconf 90' lang='lat' dir='ltr'>ceram</span> <span class='ocrx_word' id='word_1_298' title='bbox 1077 4200 1230 4253; x_wconf 89' lang='lat' dir='ltr'>moneret</span> <span class='ocrx_word' id='word_1_299' title='bbox 1242 4201 1382 4254; x_wconf 70' lang='lat' dir='ltr'>senatu!</span> <span class='ocrx_word' id='word_1_300' title='bbox 1406 4153 1414 4216; x_wconf 58' lang='lat' dir='ltr'>l</span> 
     </span>
    </p>

    <p class='ocr_par' dir='ltr' id='par_1_11' title="bbox 320 4237 1414 4369">
     <span class='ocr_line' id='line_1_40' title="bbox 320 4237 1414 4369; baseline 0.003 -29"><span class='ocrx_word' id='word_1_301' title='bbox 320 4290 337 4340; x_wconf 77' lang='lat' dir='ltr'>t</span> <span class='ocrx_word' id='word_1_302' title='bbox 354 4282 391 4335; x_wconf 91' lang='lat' dir='ltr'>ut</span> <span class='ocrx_word' id='word_1_303' title='bbox 406 4270 518 4339; x_wconf 90' lang='lat' dir='ltr'>Persei</span> <span class='ocrx_word' id='word_1_304' title='bbox 536 4273 656 4339; x_wconf 85' lang='lat' dir='ltr'>conatis</span> <span class='ocrx_word' id='word_1_305' title='bbox 675 4275 803 4341; x_wconf 89' lang='lat' dir='ltr'>obviam</span> <span class='ocrx_word' id='word_1_306' title='bbox 819 4275 889 4340; x_wconf 87' lang='lat' dir='ltr'>iret</span> <span class='ocrx_word' id='word_1_307' title='bbox 916 4297 1007 4343; x_wconf 89' lang='lat' dir='ltr'>orsus</span> <span class='ocrx_word' id='word_1_308' title='bbox 1025 4279 1100 4345; x_wconf 91' lang='lat' dir='ltr'>inde</span> <span class='ocrx_word' id='word_1_309' title='bbox 1115 4304 1135 4346; x_wconf 89' lang='lat' dir='ltr'>a</span> <span class='ocrx_word' id='word_1_310' title='bbox 1148 4280 1300 4369; x_wconf 88' lang='lat' dir='ltr'>Philippi</span> <span class='ocrx_word' id='word_1_311' title='bbox 1317 4299 1383 4347; x_wconf 85' lang='lat' dir='ltr'>eor·</span> <span class='ocrx_word' id='word_1_312' title='bbox 1406 4237 1414 4368; x_wconf 59' lang='lat' dir='ltr'>l</span> 
     </span>
    </p>
   </div>
   <div class='ocr_carea' id='block_1_3' title="bbox 1409 4383 1414 4748">
    <p class='ocr_par' dir='ltr' id='par_1_12' title="bbox 1409 4383 1414 4748">
     <span class='ocr_line' id='line_1_41' title="bbox 1409 4383 1414 4528; baseline 0 90"><span class='ocrx_word' id='word_1_313' title='bbox 1409 4383 1414 4528; x_wconf 85' lang='lat'><strong>¹</strong></span> 
     </span>
     <span class='ocr_line' id='line_1_42' title="bbox 1410 4633 1414 4748; baseline 0 0"><span class='ocrx_word' id='word_1_314' title='bbox 1410 4633 1414 4748; x_wconf 76' lang='lat' dir='ltr'>t</span> 
     </span>
    </p>
   </div>
   <div class='ocr_carea' id='block_1_4' title="bbox 0 0 1684 5092">
    <p class='ocr_par' dir='ltr' id='par_1_13' title="bbox 0 0 1684 5092">
     <span class='ocr_line' id='line_1_43' title="bbox 0 0 1684 5092; baseline 0 0"><span class='ocrx_word' id='word_1_315' title='bbox 0 0 1684 5092; x_wconf 95' lang='lat' dir='ltr'> </span> 
     </span>
    </p>
   </div>
  </div>
 </body>
</html>
