3359 5092
343 512 389 579 88
561 523 678 580 LIBER
695 521 870 593 ΧΧΧΧΙΙΙ,
890 523 914 578 1.
928 522 955 576 2.
975 522 1162 592 [auctet]

346 693 436 759 runt,
456 679 606 746 Cassium
623 678 809 764 Aquileiam
826 679 945 743 indicto
963 679 1105 745 exercitu
1122 679 1297 766 profectum
1311 701 1352 765 per

346 777 511 862 Hlyrioum
527 775 561 839 in
578 774 806 840 Macedoniam
824 795 904 839 esse.
936 796 975 838 ea
992 797 1043 839 res
1061 774 1165 858 primo
1183 773 1354 839 incredibilis

347 871 426 949 visa,
445 881 477 936 et
493 891 551 955 pro
570 891 604 934 se
622 869 757 953 quisque
773 869 901 934 credere
912 865 1027 932 Carnis
1045 868 1181 933 forsitan
1194 869 1356 934 autHistris
1391 901 1392 906 ι

314 987 329 1034 8
347 964 466 1029 bellum
483 962 627 1027 inlatum.
654 974 724 1027 tum
733 962 959 1045 Aquileienses
976 962 1055 1026 nihil
1073 984 1108 1027 se
1121 962 1206 1027 ultra
1223 963 1301 1029 scire
1312 984 1359 1028 nec

347 1059 465 1123 audere
483 1057 651 1123 adfirmare
668 1079 766 1141 quam
784 1056 916 1142 triginta
928 1055 1053 1121 dierum
1070 1055 1269 1123 frumentum
1285 1056 1360 1122 militi

347 1154 457 1220 datum
475 1165 507 1219 et
524 1153 632 1229 duces,
651 1152 707 1237 qui
725 1175 765 1218 ex
774 1151 869 1215 Italia
885 1151 999 1216 itinera
1016 1151 1288 1217 inMacedoniam
1302 1174 1361 1217 nos·

314 1259 433 1326 esent,
461 1248 655 1332 conquisitos
682 1246 913 1330 abductosque.
959 1245 1121 1310 enimvero
1143 1256 1274 1312 senatus
1294 1246 1361 1312 indi·

346 1342 450 1430 gnari,
463 1352 587 1407 tantum
601 1341 763 1407 consulem
777 1362 902 1416 ausum,
916 1350 952 1403 ut
965 1362 1056 1403 suam
1070 1339 1272 1425 provinciam
1284 1341 1362 1407 relic·

347 1447 475 1521 queret,
502 1436 537 1501 in
559 1436 696 1502 alienam
717 1435 880 1512 transiret,
903 1433 1078 1500 exercitum
1095 1456 1181 1499 novo
1198 1435 1361 1521 periculoso

346 1531 458 1597 itinere
481 1531 563 1597 inter
580 1541 705 1597 exteras
722 1542 835 1616 gentes
853 1530 997 1606 duceret,
1021 1528 1109 1594 viam
1131 1539 1180 1594 tot
1195 1530 1361 1596 nationibus

298 1647 330 1696 10
347 1625 518 1691 inltaliam
536 1624 681 1711 aperiret.
710 1625 886 1690 decernunt
902 1623 1095 1707 frequentes,
1113 1634 1150 1688 ut
1164 1621 1203 1690 (l.
1215 1622 1361 1711 Sulpiciis

347 1732 475 1808 praetor
496 1721 553 1785 tris
570 1743 611 1786 ex
629 1733 743 1786 senatu
764 1720 907 1785 nominet
924 1719 1062 1806 legatos,
1081 1720 1137 1803 qui
1155 1741 1195 1787 eo
1213 1720 1266 1787 die
1282 1719 1361 1807 proli

348 1817 507 1883 niscantur
521 1839 561 1882 ex
578 1817 658 1882 urbe
673 1828 705 1881 et
722 1827 878 1901 quantum
893 1816 1074 1882 adcelerare
1091 1817 1218 1902 possint
1228 1814 1361 1884 Cassium

299 1929 328 1975 11
348 1912 521 1988 consulem,
539 1910 734 1995 ubicumque
753 1910 802 1986 sit,
819 1922 1063 1996 persequantur,
1077 1912 1236 1990 nuntient,
1253 1936 1294 1978 ne
1308 1910 1361 1976 bel·
1388 1979 1392 1990 ,

347 2006 415 2069 lum
433 2027 507 2071 cum
524 2006 591 2069 ulla
607 2017 704 2091 gente
722 2015 851 2070 moveat
868 2004 929 2068 nisi
947 2026 1021 2069 cum
1035 2026 1100 2088 qua
1115 2017 1246 2071 senatus
1265 2028 1360 2092 geren·

299 2115 329 2163 12
347 2098 425 2164 dum
441 2099 609 2164 censuerit.
636 2099 734 2184 legati
751 2097 785 2162 hi
801 2098 937 2183 profecti
955 2098 1004 2163 M.
1015 2095 1185 2164 Cornelius
1202 2097 1359 2186 cethegus,
1388 2095 1393 2126 ²

347 2194 396 2258 Μ.
415 2193 565 2270 Fulvius,
589 2192 629 2257 P.
646 2192 790 2258 Marcius
809 2192 891 2257 Rex.
936 2204 1040 2258 metus
1065 2192 1105 2259 de
1129 2195 1261 2259 consule
1282 2206 1358 2277 atquc

348 2287 489 2352 exercitu
507 2286 628 2352 distulit
646 2309 684 2352 eo
701 2298 845 2372 tempore
863 2287 1055 2352 muniendae
1068 2288 1241 2371 Aquileiae
1259 2299 1392 2353 curam

315 2398 328 2443 1
410 2381 457 2445 ΙΙ.
481 2382 657 2467 Hispaniae
675 2380 790 2446 deinde
802 2380 970 2465 utriusque
988 2381 1087 2467 legati
1105 2382 1229 2466 aliquot
1246 2381 1393 2488 populo-
1386 2385 1392 2432 ¹

315 2493 420 2539 arum
440 2474 475 2538 in
498 2486 643 2539 senatum
664 2474 846 2540 introducti.
890 2475 914 2538 ir
904 2474 971 2539 de
993 2474 1242 2561 magistratuum
1259 2478 1358 2541 Roma·
1377 2437 1393 2544 l

347 2591 462 2633 norum
487 2569 621 2634 avaritia
644 2569 857 2654 superbiaque
880 2570 1060 2653 conquesti,
1086 2570 1153 2634 nixi
1176 2547 1392 2657 genibusab

348 2674 461 2729 senatu
478 2663 652 2748 petierunt,
674 2686 716 2728 ne
739 2687 773 2729 se
792 2662 895 2729 socios
912 2663 1038 2729 foedius
1056 2664 1187 2750 spoliari
1205 2665 1357 2749 vexarique

314 2775 329 2821 3
347 2776 444 2839 quam
462 2756 561 2820 hostis
578 2757 750 2842 patiantur.
786 2768 910 2824 cumet
897 2757 991 2823 talia
1006 2757 1140 2843 indigna
1158 2769 1358 2842 quererentur,

348 2849 553 2914 manifestum
578 2860 686 2915 autem
712 2862 796 2917 esset
821 2851 974 2938 pecunias
1001 2864 1126 2938 captas,
1153 2851 1197 2916 L.
1222 2850 1358 2919 Canuleio

347 2943 495 3028 praetori,
509 2942 564 3027 qui
573 2943 765 3031 Hispaniam
778 2946 907 3011 sortitus
921 2958 999 3022 erat,
1013 2946 1181 3032 negotium
1195 2948 1305 3013 datum
1318 2953 1358 3018 ct

348 3038 443 3103 utin
470 3038 627 3124 singulos,
654 3063 674 3104 a
700 3040 817 3123 quibus
843 3040 984 3125 Hispani
1009 3041 1161 3125 pecunias
1189 3051 1359 3128 repeterent

348 3132 462 3217 quinos
484 3143 721 3219 recuperatores
740 3157 780 3199 ex
798 3134 909 3198 ordine
927 3135 1085 3199 senatorio
1104 3134 1197 3200 daret
1214 3149 1359 3223 patronos·

313 3246 331 3294 4
348 3251 410 3313 que
427 3251 508 3314 quos
525 3230 643 3295 vellent
661 3229 806 3294 sumendi
822 3240 1013 3314 potestatem
1030 3229 1160 3296 faceret.
1207 3228 1359 3299 vocatisir

348 3325 469 3388 curiam
488 3325 604 3411 legatis
622 3325 789 3392 recitatum
807 3336 856 3390 est
873 3336 1001 3390 senatus
1020 3328 1219 3406 consultum,
1237 3330 1359 3413 iussiquc

314 3436 329 3482 5
347 3416 511 3481 nominare
527 3428 689 3502 patronos.
716 3428 868 3502 quattuor
884 3420 1139 3496 nominaverunt,
1157 3421 1209 3487 M
1227 3423 1360 3488 Porcium

349 3506 412 3573 Cat
399 3519 517 3583 onem
528 3508 568 3574 P
588 3508 776 3577 Cornelium
797 3510 859 3578 Cn.
877 3512 901 3577 f.
921 3510 1122 3599 Scipionem,
1140 3514 1183 3580 L.
1203 3517 1360 3583 Aemiliuu

313 3601 389 3668 oL.
403 3600 590 3681 f.,Paulum
610 3602 648 3669 C.
665 3604 845 3691 Sulpicium
859 3605 1000 3673 Gallum.
1027 3608 1076 3673 Μ
1092 3609 1215 3675 Titinio
1232 3613 1359 3721 primum·

348 3696 403 3778 qui
426 3707 516 3781 praet
517 3718 553 3761 or
504 3698 613 3762 t.A
631 3699 771 3777 Manlio,
793 3701 843 3766 M.
862 3701 955 3768 Iunio
974 3703 1192 3769 consulibus
1182 3729 1216 3770 ιιι
1236 3706 1359 3772 citeriore

348 3789 506 3897 Hispania
522 3790 627 3858 fuerat
614 3803 892 3880 t,recuperatores
910 3808 1101 3864 sumserunt.
1079 3795 1180 3863 tbis
1199 3800 1360 3886 ampliatus

315 3906 328 3951 ι
348 3882 440 3948 tertio
458 3884 623 3952 absolutus
641 3899 689 3953 est
707 3911 791 3955 reus.
823 3889 1004 3956 dissensio
995 3903 1126 3957 ιιιιθιι
1095 3892 1233 3958 duarum
1251 3893 1360 3981 pmviu·

348 3978 469 4044 ciarum
494 3978 581 4065 legat
582 4001 617 4044 os
640 3992 687 4045 est
709 3993 792 4048 orta.
820 3984 971 4050 citerioris
994 3986 1172 4072 Hispaniae
1200 3989 1310 4074 populi
1324 3984 1358 4052 ll

349 4070 506 4140 Catonem
529 4086 561 4140 et
578 4073 777 4160 Scipionem,
801 4078 957 4145 ulterioris
976 4081 1017 4146 L.
1035 4081 1177 4147 Paulum
1196 4095 1228 4148 et
1246 4082 1359 4149 Gallum

314 4186 330 4234 8
349 4167 528 4278 Sulpicium
545 4183 695 4256 patronos
714 4186 904 4240 sumserunt
883 4176 984 4240 tad
1000 4176 1230 4262 reciperatores
1248 4169 1359 4242 adduci

349 4284 369 4325 a
386 4263 582 4331 citerioribus
604 4268 730 4352 populis
752 4267 792 4333 P.
811 4268 929 4334 Furius
951 4269 1081 4350 Philus,
1109 4272 1151 4336 ab
1174 4270 1358 4338 ulterioribus
