3359 5092
408 557 451 640 22
648 567 767 624 LIBER
783 566 927 636 XXXXI,
945 566 989 621 23.
1008 569 1085 636 [au.
1096 581 1118 622 c.
1128 565 1193 634 ew]

407 728 573 792 absentem
600 725 748 791 audimus
775 747 885 810 regem
912 735 960 802 et,
987 723 1015 788 si
1037 723 1087 788 dis
1114 723 1234 808 placet,
1264 725 1429 794 orationem

374 845 389 894 e
408 822 477 888 eius
494 820 677 908 probamus.
721 830 754 885 et
771 841 846 884 cum
863 813 950 885 ferae
967 817 1088 884 bestiae
1104 815 1215 884 cibum
1230 818 1277 884 sd
1294 819 1428 887 fraudu

409 939 501 982 suam
523 915 663 1001 positum
685 915 874 1000 plerumque
896 923 1105 998 aspernentur
1126 923 1159 978 et
1179 912 1362 1000 refugiant,
1381 937 1428 982 nor

410 1010 497 1077 caeci
527 1009 632 1095 specie
664 1007 756 1094 parvi
786 1007 933 1074 beneficii
963 1007 1144 1073 inescamur
1174 1015 1208 1074 st
1240 1009 1428 1076 servolormr

411 1105 534 1170 minimi
554 1103 648 1189 pretii
670 1101 926 1189 recipiendorum
944 1125 1000 1188 spe
1018 1112 1160 1168 nostram
1181 1102 1331 1187 ipsorum
1347 1104 1429 1171 libe

377 1222 391 1269 9
410 1211 509 1266 tatem
527 1199 639 1264 subrui
661 1209 693 1263 et
713 1198 862 1283 temptari
884 1197 1031 1283 patimur.
1074 1196 1147 1279 quis
1165 1196 1253 1262 enim
1271 1219 1339 1265 non
1355 1199 1428 1265 videt
1461 1211 1470 1246 '-

409 1295 496 1361 viam
512 1294 620 1380 regiae
636 1293 796 1359 societatis
813 1291 935 1376 qumeri,
953 1314 1019 1376 quo
1031 1291 1214 1364 Romanurn
1230 1292 1361 1374 foedus,
1375 1315 1428 1380 qur
1463 1315 1470 1326 ·

409 1389 632 1454 nostraomnia
647 1388 857 1464 continentur,
875 1386 1029 1454 violetur?
1046 1385 1107 1452 nisi
1121 1386 1181 1452 hoo
1197 1387 1336 1453 dubium
1346 1388 1429 1455 aliod

410 1496 467 1560 est,
489 1482 675 1548 bellandum
697 1481 850 1548 Romanis
874 1501 948 1548 curn
969 1481 1090 1547 Perseo
1112 1501 1181 1546 esse
1200 1492 1234 1548 et
1255 1483 1348 1567 quod
1368 1484 1429 1550 vivo

409 1577 560 1662 Philippo
588 1588 805 1661 expectatum,
832 1588 934 1642 morte
960 1576 1028 1642 eius
1053 1575 1293 1662 interpellatum
1319 1590 1383 1657 est,
1403 1577 1431 1644 id

361 1691 392 1739 10
409 1681 482 1755 post
504 1682 640 1736 mortem
655 1670 800 1756 Philippi
821 1670 975 1736 futurum.
1018 1670 1115 1748 duos,
1142 1682 1179 1735 ut
1195 1671 1303 1750 scitis,
1330 1672 1431 1740 habuc

411 1765 492 1830 filios
509 1765 689 1852 Philippus,
705 1764 909 1832 Demetrium
927 1777 959 1830 et
975 1765 1105 1830 Persea.
1150 1787 1269 1851 genere
1288 1779 1433 1842 memo,

411 1860 537 1937 virtute,
556 1860 699 1947 ingenio,
718 1860 829 1927 favore
847 1860 1066 1926 Macedonum
1082 1861 1178 1946 longe
1195 1862 1359 1946 praestitit
1375 1862 1434 1928 De-

361 1954 552 2021 11metrius.
606 1955 662 2028 sed
689 1956 764 2038 quia
789 1956 824 2020 in
851 1955 1013 2020 Romancs
1039 1955 1105 2020 odii
1127 1976 1264 2039 regnum
1293 1968 1434 2042 posuerat

411 2049 598 2134 praemium,
616 2049 817 2116 Demetrium
835 2052 923 2115 nullo
938 2050 1000 2114 alic
1017 2050 1149 2116 crimine
1166 2071 1266 2133 quarn
1275 2051 1435 2118 Romanus
1468 2129 1469 2138 χ

412 2143 570 2208 amicitiae
593 2143 690 2209 initae
713 2144 841 2220 oceidit,
869 2144 1004 2220 Persea,
1029 2164 1128 2227 quem
1149 2144 1271 2229 populo
1295 2145 1435 2211 Romano
1464 2183 1470 2210 r

409 2236 499 2322 prius
524 2257 627 2324 paene
654 2235 796 2324 [bellum
821 2235 1015 2323 inlaturum]
1042 2259 1140 2321 quam
1170 2237 1262 2324 regni
1291 2239 1434 2305 heredem
1462 2287 1470 2314 ‚r

361 2351 392 2399 12
410 2331 555 2396 futurum
573 2332 703 2410 sciebat,
722 2355 831 2417 regem
849 2332 934 2396 fecit.
974 2332 1082 2415 itaque
1100 2331 1179 2415 quid
1195 2331 1248 2398 hic
1266 2346 1343 2418 post
1359 2355 1435 2400 mor·
1466 2369 1470 2382 ·

411 2437 476 2494 tem
498 2428 597 2513 patris
621 2428 688 2515 egit
708 2428 796 2492 aliud
819 2445 917 2510 quam
945 2427 1063 2492 bellum
1089 2427 1233 2512 paravit?
1263 2421 1454 2496 Bastarnas

410 2522 548 2606 primum
562 2522 605 2588 ad
617 2534 768 2588 terrorem
786 2519 991 2607 omnium[in
992 2518 1239 2606 ]Dsrdaniam
1229 2524 1368 2603 inmisit}
1383 2522 1434 2608 qui

276 2615 284 2624 '
411 2616 439 2682 si
460 2616 570 2682 sedem
593 2639 664 2682 eam
682 2616 873 2693 tenuissent,
896 2615 1059 2700 graviores
1076 2637 1132 2682 eos
1154 2616 1282 2682 accolas
1303 2616 1434 2685 Graccis

360 2729 391 2777 13
409 2711 575 2776 habuisset
597 2733 695 2795 quam
711 2711 794 2775 Asia
812 2663 926 2776 Gallos
949 2710 1098 2776 habebat.
1142 2733 1181 2776 ea
1204 2734 1262 2797 spe
1287 2715 1432 2801 depulsus

410 2815 604 2870 nontamen
627 2806 703 2870 belli
720 2805 852 2872 consilia
870 2806 989 2883 omisit3
1007 2806 1120 2882 immo,
1144 2806 1171 2870 si
1192 2829 1268 2872 vere
1293 2810 1432 2875 volens·

412 2898 563 2975 dicere,
551 2919 618 2963 ram
640 2899 803 2965 inchoavit
824 2900 955 2966 bellum.
998 2900 1174 2987 Dolopiam
1192 2901 1291 2967 armis
1312 2903 1431 2989 subegit

410 3015 470 3058 nec
487 2993 689 3079 provocantis
708 2995 748 3062 de
765 2998 976 3062 controversis
994 2996 1036 3062 ad
1049 2996 1315 3081 disceptationem
1330 2996 1429 3086 populi

410 3088 548 3156 Romani
564 3088 702 3167 audivit3
724 3090 799 3156 inde
816 3101 1034 3175 transgressus
1049 3088 1185 3166 osum,
1203 3102 1241 3155 ut
1257 3092 1429 3179 repente'n

410 3185 514 3251 medio
528 3186 679 3252 umbilico
690 3184 847 3252 Graeciae
861 3184 1107 3270 conspiceretur,
1123 3184 1273 3272 Delphos
1287 3185 1426 3254 escend'r.

361 3299 392 3345 14
410 3278 489 3346 hoec
506 3282 671 3367 usurpatio
684 3280 806 3347 itineris
823 3278 940 3344 insoliti
954 3302 1018 3363 quo
1031 3280 1121 3344 vobis
1136 3290 1281 3365 spectare
1295 3279 1428 3349 videtml

410 3374 611 3442 Thessaliam
631 3377 747 3443 deinde
772 3375 970 3462 peragravit3
997 3374 1085 3458 quod
1111 3375 1179 3440 sine
1204 3377 1303 3441 ullius
1330 3393 1425 3444 coron

362 3486 393 3534 15
412 3490 491 3551 quos
509 3469 621 3536 oderat
637 3472 743 3548 noxia,
761 3471 823 3535 hcc
838 3470 943 3556 magis
962 3469 1201 3555 temptationem
1217 3481 1340 3537 metuo.
1365 3469 1425 3536 uls

410 3564 530 3631 litteras
547 3566 589 3630 ad
611 3588 669 3632 nos
687 3589 761 3632 oum
778 3567 918 3632 muneris
937 3565 1041 3651 specie
1058 3565 1159 3642 misit,
1182 3575 1213 3630 et
1231 3567 1372 3653 cogitare
1386 3565 1424 3630 'nr-

411 3659 475 3736 bet,
503 3682 567 3744 quc
592 3661 688 3729 modo
709 3662 745 3726 in
768 3661 925 3728 relicuum
945 3661 1006 3726 hoc
1033 3683 1166 3726 munere
1186 3682 1253 3726 non
1275 3679 1422 3749 egenum

411 3753 471 3820 hoe
489 3767 538 3820 cst
554 3766 593 3821 ut
609 3756 780 3833 decretum,
798 3777 863 3839 quo
883 3766 1031 3822 arcentur
1046 3755 1271 3840 Peloponneso
1284 3751 1422 3822 Macedo·

363 3862 393 3912 16
409 3872 478 3928 nes,
496 3851 658 3929 tollamus3
674 3874 785 3918 rursus
801 3852 925 3937 legatos
939 3851 1045 3937 regios
1059 3861 1092 3916 et
1109 3850 1247 3935 hospitia
1258 3873 1336 3916 eum
1350 3849 1421 3937 prio·

408 3945 535 4032 cipibus
557 3958 590 4012 et
610 3968 685 4012 mox
706 3946 924 4014 Macedonum
947 3944 1119 4021 exercitus,
1146 3944 1254 4031 ipsum
1272 3959 1421 4029 qnoque*

410 4041 608 4128 Delphis—
623 4053 779 4127 quantum
800 4042 888 4110 enim
904 4042 1057 4108 interfluit
1077 4040 1277 4107 metum?—

411 4149 476 4203 tem
491 4138 526 4202 in
539 4136 798 4223 Peloponnesum
815 4136 1019 4213 videamus,
1009 4136 1234 4202 mmisceamur
1246 4129 1422 4203 Msoedsd

362 4241 393 4289 1⁷
411 4233 471 4298 bus
494 4232 691 4299 armantibus
718 4255 753 4298 se
775 4232 928 4300 adversus
951 4231 1124 4298 Romanos.
1169 4251 1231 4316 ego
1257 4231 1339 4297 nihil
1363 4219 1425 4296 nod

412 4349 525 4395 censeo
547 4327 783 4396 decernendum
804 4326 1023 4411 servandeque
1045 4325 1152 4392 onmis
1172 4325 1315 4413 integr-r,
1338 4327 1427 4392 done
