3359 5092
488 561 1105 636 LIBRRXXXXIIII‚10.11.[a.c.1os]
1247 549 1310 618 117

285 745 344 790 non
360 721 468 787 minus
487 732 648 808 ceperunt.
693 744 753 787 nec
771 721 858 787 aliud
876 743 974 807 quam
996 722 1109 787 ultima
1126 722 1308 799 necessitas,
1329 744 1361 793 10

285 843 353 886 eum
379 820 523 905 recipere
548 840 583 883 se
609 828 679 883 tuto
706 818 748 882 ad
772 840 872 884 naves
898 818 1154 904 prohiberentur,
1186 818 1309 884 animos

285 915 416 980 militum
425 913 643 978 Romanorum
657 912 751 977 simul
766 913 986 998 desperatione
999 912 1062 978 alia
1076 914 1196 992 salutis,
1214 912 1309 977 simul

285 1008 471 1095 indignitate
496 1007 648 1072 inritavit.
697 1007 914 1093 redintegrata
934 1007 969 1072 in
996 1007 1087 1074 litore
1112 1029 1222 1093 pugna
1244 1016 1308 1083 est;
1328 1027 1358 1074 11

285 1104 431 1169 adiuvere
449 1101 505 1187 qui
526 1101 560 1166 in
583 1101 721 1167 navibus
739 1112 838 1168 erant.
882 1102 927 1166 ibi
944 1101 1162 1167 Macedonum
1180 1100 1309 1166 ducenti

285 1199 379 1265 lerme
398 1197 494 1275 caesi,
511 1219 571 1283 par
587 1219 740 1262 numerus
758 1208 881 1283 captus.

342 1293 399 1357 Ab
409 1292 596 1377 Antigonea
614 1292 723 1357 classis
739 1292 884 1378 profecta
902 1292 944 1356 ad
961 1314 1075 1377 agrum
1084 1292 1309 1358 Pallenensem

285 1387 497 1454 escensionem
520 1387 562 1451 ad
582 1382 804 1473 populandum
825 1386 911 1451 fecit.
955 1386 1067 1451 finium
1089 1387 1116 1451 is
1133 1408 1211 1472 ager
1229 1382 1309 1450 Cas·
1328 1405 1359 1452 12

285 1481 501 1548 sandrensium
518 1493 601 1557 erat,
626 1481 723 1567 longe
741 1480 955 1546 fertilissimus
973 1482 1076 1546 omnis
1094 1503 1183 1557 orae,
1210 1501 1308 1564 quam

285 1578 489 1663 praetervecti
506 1577 643 1643 fuerant.
688 1577 734 1642 ibi
752 1577 916 1643 Eumenes
934 1599 993 1642 rex
1010 1578 1124 1664 viginti
1141 1577 1232 1643 tectis
1250 1599 1308 1641 na·

285 1673 372 1737 vibus
389 1671 433 1736 ab
450 1671 532 1737 Elea
554 1671 717 1758 profectus
735 1671 851 1737 obvius
873 1671 950 1748 fuit,
973 1682 1005 1737 et
1029 1672 1171 1757 quinque
1192 1671 1308 1737 missae

289 1767 433 1832 aPrusia
449 1789 526 1853 rege
544 1778 647 1833 tectae
664 1789 774 1832 naves.

341 1862 407 1926 XI.
435 1862 509 1926 Hac
526 1860 642 1926 virium
655 1862 836 1927 accessione
855 1862 979 1927 animus
993 1861 1093 1928 crevit
1109 1860 1259 1948 praetori,
1272 1871 1309 1926 ut
1328 1877 1340 1923 1

294 1951 516 2022 cassandream
534 1969 745 2043 oppugnaret.
781 1956 910 2022 condita
927 1967 975 2022 est
993 1980 1012 2021 a
1031 1954 1214 2022 Cassandro
1231 1978 1308 2044 rege
1327 1972 1342 2019 2

295 2047 406 2138 inipsis
425 2050 583 2129 faucibus,
602 2072 686 2134 quae
694 2050 919 2116 Pallenensem
932 2073 1047 2137 agrum
1064 2062 1187 2117 ceterae
1196 2051 1309 2117 Mace-

297 2142 392 2211 doniae
410 2145 560 2231 iungunt,
578 2144 653 2211 hinc
669 2145 864 2223 Toronaico,
883 2145 957 2210 hinc
970 2145 1182 2210 Macedonico
1197 2156 1308 2231 saepta

298 2235 400 2327 [uari]
447 2241 566 2306 eminet
587 2263 726 2326 namque
748 2240 783 2306 in
801 2243 902 2307 altum
923 2242 1033 2326 lingua
1049 2241 1083 2305 in
1100 2262 1166 2324 qua
1183 2242 1244 2307 sita
1261 2253 1310 2308 est
1327 2258 1342 2304 a

298 2354 341 2400 uec
352 2336 458 2400 minus
468 2357 566 2419 quam
578 2336 705 2401 inclitus
718 2336 940 2423 magnitudine
949 2335 1039 2401 Atho
1052 2357 1144 2399 mons
1159 2336 1308 2414 excurrit,

298 2427 413 2495 obversa
436 2430 469 2494 in
491 2429 656 2516 regionem
678 2431 870 2517 Magnesiae
894 2430 1020 2494 duobus
1045 2427 1211 2514 inparibus
1232 2451 1309 2514 pro-

298 2525 460 2601 munturiis,
489 2546 625 2608 quorum
648 2526 759 2590 maiori
776 2525 953 2590 Posideum
970 2535 1019 2589 est
1035 2545 1168 2600 nomen,
1194 2522 1309 2587 minori

298 2612 525 2683 Canastraeum.
551 2618 661 2683 divisis
678 2618 823 2706 partibus
842 2640 1030 2705 oppugnare
1048 2617 1161 2684 adorti.
1188 2617 1343 2683 Roma-4

298 2731 347 2776 nus
361 2714 399 2778 sd
418 2710 522 2778 Clitas
545 2735 625 2797 quas
647 2725 764 2778 vocant
780 2715 994 2790 munimenta,
1016 2714 1118 2778 cervis
1137 2712 1234 2778 etiam
1252 2711 1309 2777 ob-

295 2803 379 2886 iectis,
393 2820 431 2873 ut
444 2808 531 2873 viam
544 2808 779 2887 intercluderet,
793 2833 813 2873 a
821 2809 1035 2875 Macedonico
1045 2809 1087 2873 ad
1095 2807 1309 2873 Toronaicum

295 2921 368 2968 mare
384 2903 541 2989 perducit.
577 2904 619 2968 ab
636 2904 737 2969 altera
754 2913 846 2989 parte
864 2904 993 2990 euripus
1011 2915 1074 2981 est3
1096 2903 1171 2969 inde
1187 2900 1309 2967 Eume-

294 3015 341 3061 nes
365 2997 584 3084 oppugnabat.
638 2998 792 3064 Romanis
818 2999 852 3062 in
878 2998 965 3063 fossa
991 2997 1184 3083 conplenda,
1211 3017 1342 3081 quam5

294 3111 383 3176 nuper
395 3092 556 3157 obiecerat
563 3092 713 3168 Perseus,
732 3092 905 3179 plurimum
919 3103 986 3157 erat
999 3092 1126 3157 laboris.
1153 3090 1198 3155 ibi
1212 3112 1310 3175 quae-

293 3188 363 3251 renti
388 3187 542 3272 praetori,
568 3186 645 3270 quia
671 3208 833 3271 nusquam
858 3187 978 3253 cumuli
1005 3184 1217 3272 apparebant,
1245 3205 1309 3267 quo

294 3293 408 3367 regesta
426 3305 444 3348 e
461 3281 549 3346 fossa
566 3293 652 3346 terra
668 3282 766 3359 foret,
787 3281 956 3346 monstrati
974 3291 1049 3346 sunt
1066 3279 1218 3345 fornices:
1245 3302 1307 3344 non

294 3373 329 3438 ad
343 3376 476 3440 eandem
495 3375 736 3441 crassitudinem
753 3397 819 3460 qua
836 3385 977 3440 veterem
994 3397 1137 3451 murum,
1160 3375 1217 3439 sed
1234 3375 1310 3439 sim-

294 3468 359 3552 plici
374 3470 511 3535 laterum
529 3469 640 3537 ordine
657 3481 793 3536 structos
812 3492 892 3535 esse.
928 3469 1095 3535 consilium
1112 3469 1209 3555 igitur
1226 3469 1311 3555 cepit
1329 3490 1344 3537 s

294 3564 458 3629 transfosso
475 3565 597 3650 pariete
619 3563 680 3631 iter
701 3566 736 3630 in
752 3565 866 3630 urbem
891 3564 1081 3650 patefacere.
1126 3566 1236 3631 t'allere
1254 3589 1312 3629 au·

295 3667 350 3723 tem
370 3659 415 3724 ita
437 3682 472 3724 se
495 3680 603 3744 posse,
631 3660 659 3725 si
685 3682 793 3724 muros
815 3682 836 3724 a
862 3670 953 3745 parte
974 3660 1036 3726 alia
1062 3660 1155 3725 scalis
1181 3660 1311 3725 adortus

292 3755 423 3819 tumultu
453 3753 570 3819 iniecto
602 3754 638 3819 in
668 3754 846 3820 custodiam
878 3754 947 3819 eius
972 3754 1034 3818 loci
1058 3765 1311 3840 propugnatores

293 3847 371 3914 urbis
389 3849 566 3916 avertisset.
605 3861 695 3916 erant
711 3850 745 3914 in
762 3847 920 3935 praesidio
939 3845 1168 3925 Cassandreae,
1186 3860 1312 3935 praeter
1330 3871 1344 3916 ι

291 3963 347 4008 non
365 3944 632 4011 contemnendam
652 3945 853 4011 iuventutem
871 3943 1117 4028 oppidanorum,
1136 3943 1311 4028 octingenti

290 4037 446 4124 Agrianes
464 4050 496 4105 et
513 4039 576 4104 duo
594 4040 682 4104 milia
692 4038 906 4105 Penestarum
917 4038 1110 4123 Illyriorum,
1129 4036 1312 4102 aPleurato

288 4131 358 4199 inde
380 4134 487 4212 missi,
513 4134 699 4201 bellicosum
724 4145 896 4218 utrumque
917 4155 1030 4218 genus.
1074 4133 1123 4196 his
1150 4131 1346 4199 tuentibuss

288 4249 403 4305 muros,
417 4251 493 4294 cum
507 4228 613 4295 subire
622 4228 760 4295 Romani
775 4251 902 4293 summa
910 4228 943 4292 vi
955 4227 1139 4302 niterentur,
1152 4236 1312 4289 momento

287 4323 438 4410 temporis
460 4323 598 4412 parietes
618 4323 778 4389 fornicum
793 4319 931 4409 perfossi
947 4322 1061 4387 urbem
1083 4317 1312 4405 patefecerunt.
