3359 5092
510 568 626 624 amna
642 568 830 638 mmm,
850 569 893 624 45.
906 569 948 624 46.
969 570 1138 640 [soum]¹
1265 562 1327 630 149

312 731 455 815 deinceps
482 727 583 793 omnis
604 727 704 791 ferme
728 725 920 792 Macedonia
945 727 1028 792 intra
1053 729 1186 795 biduum
1209 733 1325 800 dedita.

310 822 464 910 Pydnaei,
491 821 546 904 qui
567 821 703 906 proximi
721 830 825 897 erant,
852 822 994 885 nondum
1016 823 1167 889 miserant
1188 825 1310 912 legatos
1316 854 1325 906 3
1345 850 1359 898 6

310 918 472 984 multitudo
481 915 642 980 incondita
655 915 794 1000 plurium
802 915 897 980 simul
910 916 1054 1001 gentium
1062 918 1229 1002 turbaque,
1243 943 1326 1006 quae

310 1037 344 1079 ex
360 1013 428 1077 acie
446 1011 526 1096 fuga
538 1010 573 1073 in
585 1032 686 1073 unum
703 1010 855 1094 conpulsa
868 1022 944 1087 erat,
964 1012 1129 1076 consilium
1148 1025 1181 1078 et
1194 1036 1326 1081 consen-

308 1130 371 1171 sum
395 1104 532 1170 civitatis
554 1103 751 1188 inpediebat,
773 1125 833 1168 neo
856 1103 981 1169 clausae
999 1107 1094 1170 modo
1116 1119 1241 1192 portae,
1268 1111 1325 1176 sed

307 1202 395 1267 ctiam
409 1198 629 1263 inaedificatae
643 1208 742 1262 erant.
768 1197 856 1261 missi
865 1198 981 1262 Midon
998 1210 1031 1263 et
1038 1199 1245 1266 Pantauchus
1264 1203 1325 1267 sub
1343 1225 1357 1270 t

305 1316 407 1359 muros
423 1294 465 1358 ad
480 1292 682 1375 conloquium
692 1290 829 1368 Solonis,
848 1293 903 1376 qui
920 1294 1077 1377 praesidio
1091 1308 1252 1379 praeerat3
1268 1320 1325 1382 per

304 1412 373 1454 eum
390 1387 545 1452 emittitur
558 1385 701 1450 militaris
720 1385 823 1450 turba.
851 1387 1003 1471 oppidum
1013 1388 1154 1452 deditum
1168 1390 1323 1456 militibus

303 1484 393 1548 datur
411 1481 633 1567 diripiendum.
663 1479 813 1558 Perseus,
831 1503 896 1544 una
912 1492 1038 1546 tantum
1055 1506 1111 1568 spe
1128 1484 1323 1550 Bisaltarum
1340 1504 1356 1554 8

301 1577 395 1641 auxili
415 1585 583 1660 temptata,
610 1575 652 1638 ad
669 1595 750 1657 quos
766 1575 963 1658 nequiquam
979 1576 1108 1642 miserat
1124 1578 1263 1663 legatos,
1289 1580 1323 1643 in

301 1670 478 1734 contionem
499 1670 653 1753 prooessit
673 1667 860 1755 Philippum
879 1691 987 1735 seeum
1005 1670 1105 1735 filium
1123 1672 1259 1750 habeus,
1285 1685 1322 1738 ut
1340 1690 1354 1739 9

300 1775 331 1829 et
346 1764 432 1849 ipsos
451 1763 730 1848 Amphipolitanos
749 1775 781 1827 et
799 1764 941 1846 equitum
958 1764 1175 1849 peditumque,
1193 1767 1249 1851 qui
1267 1778 1323 1832 aut
1434 1781 1436 1786 '

298 1880 332 1923 se
357 1857 517 1943 persecuti
544 1868 600 1921 aut
624 1856 704 1941 fuga
730 1856 843 1921 eodem
870 1857 965 1922 delati
992 1870 1097 1935 erant,
1125 1859 1322 1925 adhortando

294 1953 419 2016 animos
442 1952 651 2015 confirmaret.
699 1951 756 2015 sed
777 1951 966 2033 aliquotiens
989 1953 1093 2018 dicere
1115 1953 1318 2039 incipientem
1338 1972 1370 2022 10

294 2067 369 2111 cum
395 2045 544 2109 lacrimae
571 2045 823 2130 praepedissent,
850 2045 926 2127 quia
946 2045 1015 2130 ipse
1042 2046 1164 2112 hiscere
1186 2049 1318 2132 nequiit,

293 2135 449 2205 Euandro
460 2137 604 2204 Cretensi
623 2140 724 2214 editis,
744 2160 825 2222 quae
841 2139 894 2224 agi
908 2162 982 2204 oum
999 2141 1200 2206 multitudine
1214 2142 1319 2219 vellet,

292 2234 336 2301 (le
362 2236 482 2320 templo
508 2235 678 2299 descendit
731 2234 900 2298 multitudo
932 2235 1013 2299 sicut
1045 2235 1087 2299 ad
1113 2248 1318 2321 conspectum
1338 2254 1368 2301 11

288 2329 380 2415 regis
401 2330 575 2411 fletumque
597 2338 663 2392 tam
681 2327 894 2393 miserabilem
911 2338 943 2391 et
965 2328 1034 2414 ipsa
1056 2329 1255 2415 ingemuerat
1272 2331 1319 2394 la-

288 2423 563 2505 crimaveratque,
589 2422 635 2486 ita
655 2420 800 2486 Euandri
823 2422 997 2488 orationem
1016 2423 1259 2508 aspernabatur,
1287 2435 1320 2489 et

287 2515 426 2599 quidam
452 2517 521 2580 ausi
548 2529 622 2580 sunt
642 2516 747 2581 media
771 2517 978 2582 executione
1002 2518 1195 2583 succlamare
1220 2518 1320 2583 ‘abite

287 2603 384 2687 hinc,
410 2634 451 2675 ne
470 2610 526 2696 qui
544 2609 638 2696 pauci
660 2633 881 2695 supersumus,
908 2623 1038 2696 propter
1054 2634 1112 2676 vos
1129 2612 1318 2697 pereamus.'

286 2699 408 2771 horum
426 2706 546 2771 ferocia
563 2728 675 2771 vocem
691 2705 837 2770 Euandri
854 2707 976 2771 clausit.
1021 2729 1077 2771 rex
1095 2708 1170 2772 exin
1187 2708 1317 2771 domum
1337 2723 1368 2771 12

288 2817 332 2865 se
347 2800 477 2885 recepit,
495 2800 694 2886 pecuniaque
708 2813 740 2866 et
758 2822 834 2865 auro
849 2812 1043 2886 argentoque
1060 2802 1094 2865 in
1111 2800 1243 2879 lembos,
1263 2802 1319 2885 qui

285 2887 511 2959 instrumone
530 2894 665 2971 stabant,
683 2893 795 2959 delatis
814 2904 846 2959 et
863 2896 931 2979 ipse
949 2896 991 2958 ad
1007 2895 1126 2959 flumen
1144 2894 1317 2959 descendit.

287 2979 436 3052 Thraces
459 2988 595 3052 navibus
616 3011 650 3053 se
673 2988 868 3053 committere
891 3010 956 3052 non
978 2988 1048 3051 ausi
1071 2988 1182 3052 domos
1205 2988 1318 3071 dilapsi
1338 3006 1368 3052 13

290 3091 331 3144 et
347 3083 408 3145 alia
430 3082 574 3146 militaris
597 3082 723 3167 generis
740 3082 848 3157 turba,
872 3078 1034 3147 Cretensis
1052 3102 1142 3166 spem
1164 3081 1318 3164 pecuniae

290 3178 404 3241 secuti.
441 3188 473 3241 et
491 3177 641 3260 quoniam
662 3178 696 3240 in
714 3177 883 3241 dividendo
901 3177 973 3262 plus
992 3175 1202 3240 offensionum
1221 3196 1318 3257 quam

288 3272 415 3350 gradae
439 3284 521 3346 erat,
549 3271 780 3356 quinquaginta
802 3270 921 3335 talenta
937 3272 965 3334 is
986 3269 1090 3354 posita
1107 3278 1181 3332 sunt
1197 3267 1232 3331 in
1248 3267 1318 3353 ripa

291 3357 480 3448 diripienda.
525 3365 567 3428 ab
589 3365 650 3428 hac
667 3364 843 3449 direptione
861 3386 934 3428 cum
955 3385 1013 3448 per
1029 3362 1200 3426 tumultum
1217 3384 1316 3425 naves
1337 3383 1368 3429 14

292 3460 553 3535 conscenderent,
571 3459 712 3523 lembum
729 3482 829 3522 unum
846 3458 880 3522 in
897 3458 977 3522 ostio
991 3457 1093 3521 amnis
1112 3456 1315 3522 multitudine

292 3561 462 3632 gravatum
484 3565 670 3619 merserunt.
717 3552 894 3639 Galepsum
912 3575 949 3617 eo
968 3553 1033 3629 die,
1058 3562 1184 3636 postero
1204 3549 1367 3617 Samo-15

292 3639 445 3725 tbracara,
464 3669 562 3732 quam
579 3649 740 3732 petebant,
757 3648 960 3733 perveniunt3
979 3645 1021 3710 ad
1035 3645 1200 3710 duomilia
1217 3645 1317 3709 talen·

291 3737 362 3805 *dm
379 3754 530 3826 pervecta
548 3764 585 3806 eo
603 3741 761 3806 dicuntur.

356 3834 565 3901 XXXXVI.
590 3834 713 3900 Paulus
740 3858 798 3920 per
820 3856 931 3899 omnes
954 3832 1076 3898 deditas
1101 3833 1245 3897 civitates
1268 3832 1316 3896 di·
1336 3851 1348 3896 1

288 3927 396 3995 missis
414 3930 470 4013 qui
487 3940 685 4014 praeessent,
702 3952 744 3993 ne
762 3951 826 4012 qua
843 3928 958 3992 iniuria
975 3928 1008 3991 in
1026 3949 1109 3991 nova
1126 3948 1205 4011 pace
1223 3925 1315 3989 victis

288 4009 398 4101 fleret,
419 4023 613 4107 retentisque
631 4034 709 4109 aput
731 4046 765 4088 se
784 4021 1044 4087 caduceatoribus
1062 4020 1146 4106 regis
1163 4019 1202 4083 P.
1221 4017 1316 4081 Nasi-

287 4123 373 4194 (ξω,
390 4117 522 4202 ignarus
540 4116 636 4202 fugae
649 4117 744 4202 regis,
762 4115 983 4201 Amphipolim
1000 4114 1086 4179 misit
1103 4135 1175 4177 eum
1189 4109 1314 4173 modica

285 4210 435 4286 peditum
455 4210 662 4295 equitumque
684 4234 797 4288 manu,
820 4210 914 4275 simul
935 4221 972 4274 ut
990 4208 1134 4275 Sinticen
1156 4213 1313 4268 evastaret
1331 4222 1345 4268 a

285 4313 322 4372 st
338 4305 383 4372 ad
400 4328 510 4371 omnes
529 4316 660 4370 conatus
677 4304 762 4391 regis
779 4304 1005 4391 impedimento
1019 4311 1111 4369 esset.
1139 4298 1221 4362 inter
1236 4297 1315 4362 haec
1333 4312 1349 4359 s
