3359 5092
404 524 626 583 PERIOOHAE
643 523 848 582 LIBRORUM
865 525 1186 584 LXXIII-LXXVII.
1243 512 1307 579 209

304 664 385 721 088888
398 664 495 719 consul
506 662 629 718 feliciter
642 662 774 718 adversus
784 662 924 719 Samnites
933 662 1078 740 pugnavit.
1104 664 1141 718 oli
1151 662 1308 719 888881818-

300 734 465 789 riamRomae
475 749 545 803 saga
574 731 647 786 osita
655 738 729 785 8881.
749 736 778 786 81
786 732 906 788 utvaria
914 731 983 786 belii
991 732 1105 788 fortuna
1114 739 1196 801 esset,
1206 733 1309 788 Aeser·

297 749 1309 927 1818881188188181111888888

293 888 458 1063 finitimo&
469 938 501 994 C.
511 936 649 993 Caecilius
659 936 689 991 in
698 908 796 993 Gallia
803 937 980 1009 transalpina
989 886 1128 993 Salluvios
1136 888 1308 996 rebellailiics

294 1026 358 1065 rici.

677 1077 786 1119 axiis.
799 1077 910 1118 nxxim.

332 1144 381 1201 Gn.
387 1144 538 1215 Pompeius
545 1142 676 1199 Picentes
684 1143 791 1214 proelio
799 1142 875 1198 fudit
885 1147 905 1212 [.
916 1182 924 1198 .
934 1146 954 1213 .]
965 1143 1083 1201 obsedit.
1101 1149 1308 1226 propterquam

287 1214 423 1270 victoriam
431 1213 538 1268 Romae
551 1217 714 1282 praetextae
728 1216 757 1267 81
770 1212 827 1268 alia
840 1212 1056 1284 magistratuum
1065 1213 1118 1267 insi
1170 1230 1188 1267 a
1196 1221 1309 1284 sumpta

285 1289 353 1337 sunt.
379 1282 411 1338 C.
421 1281 528 1336 Marius
542 1297 605 1335 cum
613 1279 714 1335 Marsis
728 1279 814 1335 dubio
826 1286 930 1336 eventu
937 1282 1083 1354 pugnavit.
1109 1232 1231 1337 lffigfflni
1241 1288 1309 1337 tunc

285 1352 397 1423 primum
407 1350 528 1404 militare
538 1354 698 1419 coeperunt.
722 1349 757 1404 A.
765 1349 877 1403 Plotius
887 1350 998 1472 1838188
1007 1350 1137 1418 Umbros,
1147 1351 1181 1404 L.
1191 1351 1308 1406 Porcius

303 1426 391 1476 iactor
400 1419 543 1484 Etruscos,
553 1434 617 1471 cum
626 1423 742 1487 uterque
751 1417 873 1488 populus
882 1418 918 1479 de
931 1419 1041 1488 ecisset,
1055 1419 1162 1489 proelio
1171 1419 1308 1476 vicerunt.

285 1438 447 1545 1118888888
464 1486 494 1542 in
510 1485 578 1539 Bitli
619 1485 675 1556 'ae,
697 1486 906 1542 Ariobarzanes
927 1488 957 1541 in
975 1487 1173 1568 Cappadociae
1189 1505 1309 1560 regnum

285 1557 386 1613 reducti
404 1560 477 1610 sunt.
505 1553 556 1609 On.
596 1553 722 1625 ompeius
740 1555 838 1610 consul
850 1554 958 1609 Marsos
976 1572 1037 1611 acie
1054 1556 1130 1612 vicit.
1162 1573 1225 1612 cum
1243 1573 1308 1612 aere

285 1625 372 1682 alieno
380 1640 479 1696 pressa
487 1627 562 1677 88881
571 1622 678 1692 civitas,
689 1623 724 1678 A.
735 1622 800 1680 Seni
820 1624 917 1679 nonius
925 1624 1033 1680 Asellio
1042 1630 1165 1695 praetor,
1176 1625 1308 1696 quoniam

285 1696 430 1750 secundum
439 1690 579 1746 debitores
588 1690 631 1745 ius
641 1692 766 1760 dicebat,
782 1642 820 1747 81
835 1693 876 1748 818
889 1694 937 1763 qui
949 1692 1137 1749 faenerabant
1149 1694 1180 1747 in
1192 1694 1307 1749 188888-

285 1763 412 1817 81888881.
428 1759 904 1830 praetereaincursionesThracnm
912 1761 1308 1834 inMacedoniampopulatio·

285 1828 528 1901 nesquecontinct.
687 1900 729 1942 Ex
742 1900 791 1942 Lm
812 1900 893 1943 mv

327 1966 363 2020 A.
379 1965 542 2021 Postumius
559 1964 681 2021 Albinus
698 1967 811 2038 1838188
827 1984 892 2022 cuni
914 1967 999 2023 classi
1015 1972 1172 2039 praeesset,
1195 1966 1308 2023 infamis

285 2034 391 2089 88188188
410 2035 577 2105 proditionis
595 2035 631 2090 ab
649 2040 773 2091 exercitu
791 2052 841 2090 suo
854 2037 1020 2092 interfectus
1034 2042 1085 2093 est.
1111 2037 1146 2091 L.
1162 2036 1308 2093 Cornelius

285 2100 357 2183 Sylla
369 2104 483 2175 1838188
493 2102 632 2159 Samnites
645 2103 753 2173 proelio
767 2104 835 2158 vicit
843 2110 873 2160 et
880 2104 948 2160 bina
958 2110 1051 2160 castra
1060 2122 1155 2160 eorum
1164 2123 1197 2161 ex
1218 2123 1307 2177 ugna-

285 2177 325 2227 nt.
359 2171 413 2227 Cn.
429 2171 583 2242 Pompeius
600 2172 731 2229 Vestinos
748 2172 778 2227 in
794 2173 966 2229 deditionem
983 2175 1102 2245 accepit
1137 2173 1171 2227 L.
1216 2175 1308 2229 orcius

285 2241 373 2296 tonsol
380 2240 467 2296 rebus
476 2257 607 2311 prospere
616 2242 704 2321 388118
711 2240 885 2312 fusisqueali
904 2242 1129 2311 uotiensMaisis,
1140 2243 1309 2297 dumcastra
1351 2288 1359 2308 „

285 2324 372 2363 iorum
390 2313 546 2380 expugnat,
565 2310 682 2379 cecidit;
707 2326 743 2365 ea
760 2328 805 2366 res
822 2310 897 2365 hosti
917 2328 950 2365 us
967 2310 1113 2365 victoriani
1130 2310 1190 2365 eins
1228 2310 1308 2366 roelii

285 2375 362 2434 ledit
381 2377 535 2433 Cosconius
545 2382 575 2434 et
582 2377 715 2433 Lucanus
724 2376 865 2434 Samnites
874 2379 934 2435 acie
943 2378 1077 2448 vicerunt,
1088 2378 1208 2433 Marium
1238 2396 1307 2450 gna-

285 2445 346 2529 iiun
356 2446 561 2528 nobilissimiim
573 2446 696 2502 hostium
704 2448 804 2503 ducem
812 2447 990 2528 occiderunt
1003 2447 1202 2527 compluraque
1212 2464 1308 2502 eorum

285 2514 1308 2665 181811818888811118818888

285 2667 505 2779 ἔωῶᾞιίἓέιι
523 2654 594 2708 alius
604 2653 872 2777 ι8818ί883ιὲ818188]
888 2654 974 2710 rebus
990 2658 1078 2725 gestis
1092 2652 1130 2709 ad
1141 2658 1308 2725 petitionem

309 2739 341 2778 iis
490 2738 603 2778 mames
643 2738 674 2777 ro
688 2739 720 2777 ec
768 2762 775 2777 .

623 2740 642 2794 p
683 2802 792 2843 axiis.
805 2802 904 2845 nxxvi.

326 2859 364 2913 A.
373 2857 515 2915 Gabinius
528 2859 641 2931 legatus
653 2859 739 2915 rebus
754 2860 887 2916 adversus
895 2859 1028 2914 Lucanos
1036 2875 1169 2932 prospere
1181 2858 1270 2933 gestis
1279 2864 1309 2914 et

285 2926 402 2982 ilnrimis
412 2927 523 3008 oppidis
532 2928 712 3000 expugnatis,
726 2928 756 2983 in
766 2928 912 2984 obsidione
921 2929 1064 2984 hostilium
1073 2935 1226 2984 castrorum
1235 2928 1308 2984 ceci·

285 2991 327 3052 lit.
354 2995 496 3068 Sulpicius
509 2997 621 3068 1838188
629 2996 804 3052 Marrucinos
818 2996 920 3053 cecidit
931 3003 1075 3068 totamque
1089 3014 1152 3053 eam
1165 3014 1195 3052 re
1217 2998 1309 3051 ionem

285 3065 391 3135 ccepit.
419 3064 471 3121 Cn.
481 3065 632 3135 Pompeius
644 3066 795 3136 proconsul
804 3065 937 3122 Vestinos
950 3071 980 3121 et
989 3065 1068 3121 Paeli
1110 3066 1180 3120 8818
1209 3065 1308 3119 editio·

285 3147 342 3190 iem
359 3134 480 3204 accepit.
506 3133 593 3188 Marsi
610 3151 735 3205 quoque,
754 3152 772 3189 a
790 3133 825 3189 L.
839 3133 931 3190 Cinna
947 3139 977 3190 et
994 3133 1078 3190 Caeci
1091 3135 1117 3187 io
1135 3133 1188 3186 Pio
1205 3131 1308 3204 legatis

285 3202 385 3274 1118881
401 3202 516 3273 proeliis
532 3202 630 3272 fracti,
648 3208 745 3273 petere
763 3219 862 3274 pacem
880 3208 1040 3273 coepenmt.
1066 3202 1203 3259 Asculum
1220 3218 1239 3255 a
1256 3200 1307 3256 On.

285 3266 346 3332 ..³om
367 3272 413 3327 eio
427 3277 540 3340 captum
554 3277 605 3327 est.
631 3272 722 3327 caesis
736 3271 1072 3328 etaMamercermilio
1086 3270 1181 3341 183818
1190 3268 1306 3336 Italicis,
1345 3316 1348 3328 s

285 3335 336 3396 1118
376 3340 541 3410 ompaedius
551 3341 607 3394 dux
619 3339 784 3409 Marsorum,
800 3346 899 3395 auctor
908 3341 967 3395 eius
975 3338 1030 3408 rei,
1044 3339 1074 3393 in
1082 3338 1189 3409 proelio
1198 3337 1307 3393 cecidit.

285 3404 486 3465 Ariobarzanes
499 3408 710 3479 Cappadociae,
723 3409 890 3467 Nicomedes
902 3408 1055 3479 Bithyniae
1067 3423 1156 3479 regno
1169 3424 1187 3462 a
1200 3406 1308 3461 Mithri-

285 3471 344 3534 tate
366 3477 453 3532 Ponti
475 3494 543 3550 rege
565 3477 640 3547 pulsi
657 3482 730 3532 sunt.
765 3482 915 3549 praeterea
931 3475 1104 3533 incursiones
1121 3476 1263 3532 Thracum
1278 3475 1309 3531 in

285 3545 474 3603 Macedoniam
482 3546 734 3617 populationesque
743 3546 877 3602 continet.

678 3627 790 3668 iixniii.
805 3626 914 3668 nxxvii

327 3684 401 3741 Cum
413 3682 447 3738 P.
458 3680 599 3754 Sulpicius
611 3684 740 3739 tribunus
753 3683 846 3755 plebis
860 3688 974 3739 auctore
989 3682 1020 3738 C.
1033 3680 1124 3737 Mario
1137 3681 1308 3754 perniciosas

285 3769 356 3825 8388
370 3752 592 3824 promulgasset,
606 3758 638 3808 81
651 3753 760 3809 exsules
773 3758 970 3808 revocarentur
978 3757 1007 3807 et
1015 3751 1080 3805 nori
1088 3751 1163 3806 cives
1172 3752 1307 3806 libertini-

285 3834 331 3922 pua
352 3825 373 3903 [.
385 3861 393 3876 .
405 3824 425 3889 .]
446 3820 689 3892 distribuerentur,
708 3828 739 3878 et
753 3826 786 3876 ut
799 3821 831 3877 0.
844 3820 950 3874 Marius
968 3820 1101 3876 adversus
1116 3820 1309 3875 Mithridatem

285 3896 362 3946 „onti
371 3907 402 3945 re
426 3906 471 3945 em
480 3890 535 3945 dux
543 3897 693 3962 crearetur,
703 3895 733 3947 et
742 3888 954 3946 adversantibus
962 3890 1122 3944 consulibus
1132 3888 1307 3958 Q.Pompeio
1358 3928 1362 3938 .

285 3958 402 4031 itInSy
445 3958 694 4029 erimintulisset,
709 3959 802 4015 occiso
812 3958 846 4023 Q.
856 3957 975 4028 Pompei
986 3958 1107 4012 consulis
1116 3956 1189 4025 filio,
1224 3972 1307 4011 enero

285 4025 389 4100 iyllae,
403 4026 440 4082 L.
455 4025 537 4098 Sylla
554 4028 653 4083 consul
670 4045 733 4084 cum
747 4027 871 4084 exercitu
882 4026 913 4080 in
924 4026 1022 4082 urbem
1038 4027 1159 4083 renitet
1175 4043 1193 4080 a
1213 4041 1308 4079 versus

285 4096 432 4154 actionem
442 4094 550 4176 Sulpici
557 4101 588 4152 et
595 4095 669 4152 Mari
677 4096 707 4150 in
715 4096 781 4177 ipsa
785 4096 856 4151 urbe
864 4096 1001 4167 pugnavit
1009 4112 1126 4177 eamque
1136 4094 1263 4171 expulit..
1275 4108 1309 4145 ex

285 4160 1309 4313 818188888118888888118888818

285 4304 319 4359 ui
330 4308 475 4360 retractus
488 4306 519 4360 et
531 4302 640 4358 occisus
653 4309 704 4360 881.
731 4320 826 4379 servus
838 4309 871 4359 81
882 4302 1036 4375 praemium
1048 4316 1214 4372 promissum
1222 4299 1309 4355 indici

325 4388 472 4434 1181881111
1108 4385 1144 4441 14
