3359 5092
527 533 645 590 urana
660 534 1095 608 xxxxr,16.1r.[ac.1rs]
1287 524 1328 591 15

291 693 364 759 tiles
388 691 501 758 edixit.
546 692 649 778 plenis
671 692 862 779 religionum
888 693 1002 760 animis
1027 694 1173 782 prodigia
1197 696 1360 783 inrupere

292 786 459 863 nuntiata,
482 786 617 851 Tusculi
642 787 748 852 facem
773 786 808 852 in
829 787 918 853 caelo
944 788 1061 866 visam,
1089 787 1191 856 Gabis
1214 791 1327 857 aedem

295 881 457 969 Apollinis
476 893 510 948 et
526 881 652 967 privata
670 881 815 947 aedificia
832 882 996 968 conplura,
1017 881 1181 950 Graviscis
1199 908 1327 950 murum

294 989 486 1064 portamque
504 975 544 1041 de
562 975 650 1041 caelo
668 985 763 1041 tacta
809 998 849 1041 ea
865 987 972 1061 patres
989 979 1164 1063 procurari,
1182 979 1229 1043 uti
1246 1002 1326 1066 pon-

294 1070 392 1138 tifices
410 1069 624 1148 censuissent,
640 1070 810 1136 iusserunt.

355 1165 452 1231 Dum
460 1165 608 1230 consules
620 1164 759 1249 primum
770 1165 951 1251 religiones,
969 1165 1084 1233 deinde
1098 1167 1233 1233 alterum
1248 1168 1326 1234 alte·
1345 1189 1358 1235 t

298 1261 357 1327 rins
374 1281 466 1325 mors
483 1270 516 1325 et
533 1259 662 1325 comitia
679 1271 711 1325 et
727 1258 919 1324 Latinarum
940 1259 1128 1326 instauratio
1148 1261 1325 1347 inpediunt,

301 1355 422 1422 interim
437 1351 477 1420 C.
494 1350 652 1419 Claudius
669 1353 844 1419 exercitum
862 1353 904 1417 ad
917 1353 1090 1433 Mutinam,
1107 1377 1205 1440 quam
1222 1356 1326 1444 Ligu-

302 1472 344 1516 res
359 1450 471 1536 priore
488 1470 574 1513 anno
591 1459 756 1533 ceperant,
781 1448 934 1511 admovit.
978 1459 1051 1514 ante
1069 1449 1210 1514 triduum
1227 1472 1325 1534 quam
1343 1473 1359 1519 s

302 1565 485 1632 oppugnare
507 1555 671 1627 coeperat,
694 1553 856 1627 receptam
874 1565 915 1608 ex
936 1541 1080 1608 hostibus
1097 1544 1218 1609 colonis
1234 1546 1326 1611 resti-

303 1638 363 1703 tuit.
398 1649 474 1703 octo
491 1635 581 1701 milia
596 1635 642 1700 ibi
655 1634 816 1722 Ligurum
832 1633 917 1701 intra
934 1658 1042 1702 muros
1060 1659 1169 1714 caesa3
1187 1638 1325 1704 litterae·
1343 1659 1357 1706 a

302 1753 356 1818 que
372 1732 517 1798 Romam
542 1730 701 1816 extemplo
728 1730 879 1815 scriptae,
906 1730 1023 1815 quibus
1048 1753 1114 1796 non
1135 1732 1231 1796 modo
1256 1756 1324 1798 rem

302 1838 481 1914 exponeret,
498 1824 557 1890 sed
572 1824 669 1889 etiam
685 1823 891 1909 gloriaretur,
910 1847 968 1889 sua
985 1824 1102 1890 virtute
1120 1847 1157 1890 ae
1174 1824 1324 1892 felicitate

300 1923 456 1988 neminem
472 1920 539 1984 iam
555 1918 601 1983 cis
617 1918 712 2004 Alpis
734 1916 858 1982 hostem
875 1918 994 2003 populo
1012 1919 1173 1997 Romano,
1192 1920 1324 2006 agrique

299 2018 495 2103 aliquantum
518 2025 662 2100 captum,
688 2012 745 2097 qui
764 2012 873 2077 multis
896 2012 1025 2077 milibus
1043 2014 1207 2078 hominum
1226 2014 1324 2080 dividi

298 2112 411 2177 viritim
427 2119 550 2196 posset.

354 2203 477 2272 XVII·
502 2200 548 2266 Et
555 2201 607 2266 Ti.
618 2199 826 2286 Sempronius
841 2200 954 2267 eodem
972 2210 1115 2287 tempore
1132 2201 1166 2265 in
1177 2201 1324 2268 Sardinia
1344 2221 1357 2267 1

298 2301 402 2366 multis
428 2296 581 2364 secundis
606 2295 734 2382 proeliis
756 2293 877 2361 Sardos
903 2295 1094 2381 perdomuit.
1142 2296 1357 2380 quindecima

298 2395 382 2460 milia
397 2390 541 2458 bostium
557 2401 631 2454 srmt
653 2411 761 2464 caesa,
788 2411 899 2453 omnes
918 2387 1095 2455 Sardorum
1117 2391 1241 2475 populi,
1268 2392 1323 2475 qui

300 2488 494 2563 deiecerant,
520 2485 556 2548 in
581 2482 740 2549 dicionem
764 2482 895 2548 redacti.
939 2482 1141 2568 stipendiaris
1163 2484 1323 2550 veteribus

302 2581 422 2666 duplex
441 2579 577 2665 vectigal
597 2578 789 2664 imperatum
810 2589 1038 2661 exactumque3
1065 2578 1162 2643 ceteri
1183 2578 1324 2644 frumen·

304 2686 371 2740 tum
388 2674 596 2740 contulerunt.
638 2683 755 2758 pacata
770 2671 936 2757 provincia
953 2671 1182 2757 obsidibusque
1200 2695 1241 2738 ex
1258 2684 1324 2738 tota
1342 2691 1356 2739 ³

301 2770 402 2835 insula
426 2768 573 2834 ducentis
598 2766 730 2852 triginta
755 2766 895 2852 acceptis
920 2765 1018 2851 legati
1040 2766 1178 2833 Romam
1204 2767 1259 2852 qui
1285 2791 1325 2833 ea

300 2862 480 2930 nuntiarent
494 2861 585 2926 missi
599 2860 719 2945 quique
736 2859 778 2924 ab
795 2873 908 2926 senatu
926 2872 1079 2945 peterent,
1096 2873 1132 2926 nt
1146 2861 1188 2926 ob
1201 2885 1256 2928 eas
1272 2886 1323 2928 res

299 2958 393 3023 ductu
411 2955 620 3042 auspicioque
636 2953 688 3019 Ti.
707 2952 878 3039 Semproni
896 2975 1047 3040 prospere
1069 2967 1176 3041 gestas
1194 2956 1254 3021 diis
1275 2957 1324 3021 in·

300 3050 484 3117 mortalibus
500 3048 603 3114 bonos
619 3047 800 3126 baberetur,
816 3047 943 3133 ipsique
956 3045 1122 3113 decedenti
1139 3049 1178 3114 de
1196 3051 1324 3133 provin-

302 3147 347 3212 cia
361 3144 541 3212 exercitum
561 3164 671 3208 secum
693 3142 861 3227 deportare
882 3141 1000 3207 liceret.
1044 3153 1171 3207 senatus
1193 3143 1227 3205 in
1245 3142 1323 3208 aede
1341 3160 1358 3207 4

306 3239 457 3326 Apollinis
478 3237 661 3324 legatorum
681 3235 788 3300 verbis
810 3235 928 3299 auditis
946 3235 1208 3320 supplicationem
1224 3235 1258 3299 in
1275 3235 1324 3299 bi-

306 3333 396 3400 duum
413 3331 568 3407 decrevit,
585 3341 619 3395 et
634 3328 847 3415 quadraginta
861 3328 1034 3394 maioribus
1052 3328 1163 3393 hostiis
1178 3330 1324 3396 consules

308 3430 475 3495 sauifieare
482 3426 588 3501 iussit,
604 3425 656 3489 'ts
667 3422 894 3510 Sempronium
903 3425 1124 3509 proconsulem
1135 3424 1325 3490 exercitum-

309 3543 417 3606 queen
434 3543 521 3587 anno
538 3519 575 3585 in
589 3518 754 3605 provincia
769 3541 909 3584 manere.

365 3615 506 3684 comitia
522 3614 638 3681 deinde
654 3614 794 3679 consulis
814 3615 911 3678 unius
928 3613 1139 3701 subrogandi,
1158 3612 1257 3701 [quae
1274 3613 1324 3701 in]
1343 3632 1358 3679 5

314 3711 480 3777 antediem
504 3708 635 3775 tertium
655 3730 757 3774 nonas
778 3706 917 3774 Sextiles
939 3707 1043 3773 edicta
1065 3720 1170 3786 erant,
1196 3731 1234 3774 eo
1255 3709 1325 3795 ipso

285 3815 288 3824 '
317 3802 357 3869 lie
371 3817 443 3870 sunt
458 3804 617 3870 confecta.
659 3800 704 3884 Q
719 3800 867 3867 Petillios
884 3801 995 3866 (ansul
1013 3802 1178 3889 collegam,
1195 3802 1252 3887 qui
1270 3826 1325 3867 ex·
1343 3819 1357 3866 6

318 3901 418 3987 templo
435 3897 660 3985 magistratum
676 3897 845 3982 occiperet,
863 3894 980 3961 creavit
999 3893 1038 3961 C.
1057 3896 1221 3963 Valerium
1239 3896 1324 3961 Lae-

319 3991 419 4059 vinum.
445 3993 517 4079 ipse
527 3992 594 4056 iam
607 3991 663 4056 din
677 3990 813 4075 cupidus
830 3989 1024 4075 provinciae,
1042 4012 1116 4054 cum
1129 4005 1325 4076 opportunae

319 4087 467 4173 upiditati
490 4086 560 4152 eius
581 4086 705 4150 litterae
726 4084 841 4149 allatae
863 4095 968 4149 esseut
985 4083 1123 4170 Ligures
1144 4083 1325 4158 rebellasse,

318 4182 392 4247 tonis
409 4180 588 4249 Sextilibus
609 4180 780 4266 paludatus
802 4178 885 4266 [....
909 4177 1053 4263 senatres]
1075 4178 1185 4242 litteris
1208 4175 1324 4242 auditis

316 4276 456 4341 tumultus
482 4275 553 4340 eius
578 4296 676 4339 cerua
700 4273 860 4360 legionem
883 4273 1008 4338 tertiam
1029 4272 1071 4336 ad
1094 4269 1133 4335 C.
1152 4267 1326 4336 Claudium
