3359 5092
348 494 391 560 56
553 505 671 562 LIBER
687 504 1174 575 xme,3cas.[a.ua583]
1399 571 1403 654 A

297 688 329 735 11
347 664 485 730 vinciam
511 664 544 728 ii.
588 673 702 748 quater
728 665 811 728 intra
833 684 953 748 paucos
979 684 1079 727 annos
1110 663 1250 749 primum
1277 662 1366 748 pilum
1400 657 1403 724 l

348 761 441 838 duxi,
463 772 576 844 quater
593 772 624 825 et
641 759 748 824 tricies
765 758 891 823 virtutis
910 780 1008 822 causa
1026 758 1162 822 donatus
1181 758 1223 822 ab
1240 758 1366 843 impera·

348 856 470 920 toribus
496 878 583 932 sum,
614 878 671 919 sex
697 854 813 919 civicas
839 874 973 919 coronas
999 852 1119 938 accepi.
1171 851 1363 939 vigintiduo

349 950 507 1036 stipendia
528 971 634 1014 annua
655 950 689 1013 in
711 949 853 1014 exercitu
868 947 1003 1012 emerita
1023 947 1129 1012 babeo
1147 959 1180 1013 et
1201 948 1304 1012 maior
1319 970 1364 1011 an·

298 1064 330 1111 12
347 1044 397 1108 nis
414 1066 485 1107 sum
502 1042 744 1128 quinquaginta
785 1042 900 1125 quodsi
919 1040 998 1105 mibi
1013 1062 1075 1105 nec
1095 1041 1255 1127 stipendia
1272 1039 1361 1106 omnia

348 1139 480 1204 emerita
501 1149 607 1203 essent
632 1138 770 1203 necdum
791 1149 879 1203 aetas
902 1136 1100 1201 vacationem
1128 1137 1234 1214 daret,
1260 1148 1360 1211 tamen,

348 1255 423 1298 cum
439 1243 591 1317 quattuor
611 1232 728 1297 milites
751 1253 809 1317 pro
825 1254 877 1295 me
899 1252 963 1295 uno
981 1230 1073 1294 vobis
1091 1230 1185 1307 dare,
1202 1230 1243 1296 P.
1261 1229 1358 1305 Licini,

298 1346 330 1393 13
346 1349 490 1412 possem,
507 1349 620 1392 aecum
638 1337 706 1391 erat
723 1349 775 1391 me
792 1324 917 1389 dimitti.
946 1323 1003 1390 sed
1016 1328 1096 1392 haec
1114 1346 1173 1410 pro
1192 1346 1289 1390 causa
1304 1346 1359 1388 mea

348 1422 434 1488 dicta
459 1422 622 1507 accipiatis
647 1422 759 1487 velim:
785 1421 856 1506 ipse
881 1443 948 1497 me,
975 1421 1081 1504 quoad
1108 1422 1295 1505 quisquam,
1318 1442 1358 1503 qu

348 1517 506 1582 exercitus
529 1516 654 1593 scribit,
679 1515 830 1580 idoneum
849 1515 982 1580 militem
1003 1515 1173 1592 iudicabit,
1200 1536 1358 1600 numquam

298 1627 331 1673 14
348 1634 421 1675 sum
433 1623 653 1676 excusaturus.
679 1610 789 1675 ordine
802 1631 867 1693 quo
882 1632 934 1673 me
949 1610 1083 1695 dignum
1100 1610 1244 1677 iudicent
1261 1606 1357 1674 triburi

348 1706 499 1782 militum,
524 1706 667 1790 ipsorum
689 1715 738 1769 est
758 1704 940 1790 potestatis;
965 1727 1007 1768 ne
1029 1705 1101 1788 quis
1123 1728 1176 1770 me
1200 1706 1315 1769 virtute
1334 1704 1356 1767 in

348 1800 489 1865 exercitu
505 1809 655 1884 praestet,
673 1799 757 1864 dabo
775 1820 920 1884 operam,
938 1811 969 1863 et
987 1820 1114 1883 semper
1130 1800 1177 1864 ita
1194 1800 1307 1866 fecisse
1321 1817 1357 1862 ne

348 1905 381 1957 et
399 1894 606 1980 imperatores
627 1893 692 1957 mei
713 1904 746 1957 et
768 1893 824 1978 qui
845 1916 910 1957 una
933 1893 1091 1977 stipendia
1111 1894 1260 1959 fecerunt
1281 1903 1357 1959 terte

299 2001 330 2048 15
348 1998 432 2050 sunt.
466 2008 524 2050 vos
541 2007 670 2069 quoque
687 2009 800 2051 aecum
817 1998 876 2062 est,
894 1987 1140 2065 commilitones,
1159 1989 1220 2053 etsi
1238 1987 1358 2073 appella·

348 2082 434 2145 tione
451 2092 595 2145 vostrum
611 2082 772 2165 usurpatis
789 2081 855 2158 ius,
878 2102 952 2145 cum
970 2081 1209 2146 adsulescentes
1226 2083 1303 2145 nihil
1318 2078 1358 2144 ad

349 2197 461 2239 versus
495 2174 717 2260 magistratum
756 2186 948 2259 senatusque
983 2176 1208 2241 auctoritatem
1242 2194 1358 2259 usquam

348 2268 502 2344 feceritis,
524 2290 610 2333 nunc
627 2288 756 2352 quoque
778 2270 813 2333 in
829 2281 988 2354 potestate
1005 2281 1134 2335 senatus
1153 2292 1192 2334 ao
1211 2270 1358 2335 consulum

349 2386 420 2427 esse
437 2374 470 2427 et
486 2363 593 2426 omnia
610 2362 743 2428 honesta
759 2363 831 2428 loca
849 2363 974 2440 ducere,
993 2364 1110 2447 quibus
1127 2387 1197 2429 rem
1216 2364 1358 2450 publiean

348 2457 511 2523 defensuri
528 2457 617 2521 sitis!

317 2567 330 2612 1
413 2551 568 2617 XXXV.
595 2552 690 2615 Haec
706 2550 764 2614 ubi
782 2550 876 2625 dixit,
900 2550 1126 2615 conlaudatum
1143 2554 1255 2618 multis
1273 2548 1359 2616 verbis

314 2646 387 2711 21³.
407 2641 582 2733 [Licinius]
601 2646 713 2709 consul
734 2668 775 2709 ex
792 2645 939 2710 contione
961 2646 1160 2711 incenatum
1184 2648 1286 2713 duxit.
1324 2642 1357 2709 ibi

348 2760 477 2823 quoque
494 2740 524 2803 ei
539 2762 580 2803 ex
593 2738 782 2803 auctoritate
799 2750 928 2803 senatus
946 2735 1068 2824 gratiae
1086 2751 1178 2805 actae
1195 2742 1359 2823 tribunique

348 2832 501 2896 militares
523 2832 557 2896 in
576 2831 703 2917 legione
726 2831 830 2916 prima
851 2833 990 2918 primum
1012 2833 1114 2919 pilum
1136 2835 1264 2900 virtutis
1282 2852 1360 2899 caua

348 2925 379 2990 ei
400 2925 617 3009 adsignarunt.
661 2924 759 2989 ceteri
785 2927 985 2991 centuriones
1006 2928 1139 2991 remissa
1165 2929 1358 3014 appellatione

349 3021 392 3084 ad
408 3021 560 3084 dilectum
578 3019 783 3085 oboedienter
799 3022 1040 3106 responderunt.

315 3129 330 3175 3
412 3112 490 3195 Quo
515 3114 673 3178 maturius
697 3114 732 3178 in
757 3115 937 3199 provincias
963 3115 1170 3201 magistratus
1197 3116 1358 3201 profieiree

346 3220 467 3285 rentur,
485 3206 623 3273 Latinae
635 3206 810 3272 kalIuniis
827 3207 931 3284 fuere;
951 3229 1053 3292 eoque
1071 3210 1219 3274 sollemni
1237 3210 1357 3297 perfecto

347 3300 387 3365 C.
396 3302 568 3366 Lucretius
583 3314 710 3387 praetor
719 3302 879 3378 omnibus,
894 3322 976 3385 quae
986 3303 1028 3366 ad
1041 3304 1176 3368 classem
1186 3328 1269 3391 opus
1279 3311 1358 3373 erant,

312 3395 528 3480 apraemissis
545 3395 756 3460 Brundisium
777 3407 827 3460 est
847 3395 1019 3481 profectus.
1063 3409 1192 3482 praeter
1214 3422 1270 3464 eos
1288 3416 1359 3463 exer

347 3488 444 3563 citus,
471 3508 552 3570 quos
577 3490 723 3554 consules
750 3489 984 3575 conparabant,
1012 3487 1051 3555 C.
1080 3490 1226 3577 Sulpicio
1254 3492 1359 3561 Galbae

347 3580 486 3666 praetori
507 3581 673 3665 negotium
695 3582 821 3658 datum,
843 3594 880 3646 ut
897 3596 1048 3666 quattuor
1064 3586 1209 3670 legiones
1227 3589 1361 3653 scriberet

346 3673 485 3738 urbanas
506 3674 591 3737 iusto
612 3696 746 3740 numero
767 3675 911 3760 peditum
929 3677 1151 3762 equitumque,
1175 3684 1270 3766 isque
1287 3688 1361 3765 quat·

346 3779 419 3831 tuor
439 3766 585 3832 tribunos
606 3769 745 3833 militum
768 3781 939 3833 exsenatu
960 3771 1080 3857 legeret
1099 3773 1156 3855 qui
1177 3782 1361 3860 praeessent3

312 3882 328 3928 5
347 3862 440 3925 sociis
457 3861 568 3926 Latini
585 3863 721 3927 nominis
738 3864 910 3948 imperaret
922 3865 1104 3947 quindecim
1117 3869 1209 3933 milia
1222 3871 1362 3955 peditum,

346 3956 433 4022 mille
451 3968 484 4022 et
501 3956 655 4021 ducentos
673 3959 810 4041 equites:
833 3959 861 4023 is
884 3960 1042 4025 exercitus
1059 3961 1107 4025 uti
1129 3977 1264 4046 paratus
1286 3970 1362 4034 esset,

312 4071 328 4117 c
346 4074 410 4136 quo
428 4064 558 4117 senatus
576 4051 759 4117 censuisset.
794 4051 834 4117 P.
853 4052 980 4117 Licinio
998 4055 1120 4118 consuli
1139 4058 1182 4120 ad
1200 4059 1361 4124 exercitum

347 4146 473 4211 civilem
490 4146 702 4229 socialemque
719 4147 840 4232 petenti
858 4146 966 4210 addita
984 4148 1113 4223 auxilia,
1132 4149 1296 4236 Ligurum
1312 4151 1362 4214 duo

346 4239 449 4317 milia,
467 4238 638 4307 Cretenses
655 4241 800 4327 sagittari
816 4277 861 4287 —
876 4240 1015 4305 incertus
1032 4265 1203 4323 numerus,
1221 4258 1362 4330 quantum
