3359 5092
505 549 623 608 ursus
639 551 1088 625 xxxxu,so.ss.[a.c.1u]
1271 533 1314 608 75

289 729 386 773 naeus
408 707 619 793 praepositus.
664 719 697 773 et
722 708 785 772 ulia
811 707 924 774 eodem
951 710 1070 775 auxilia
1092 711 1245 777 Romanis
1272 735 1313 778 ex

292 802 435 868 omnibus
452 802 594 887 undique
612 799 769 868 Graeciae
786 802 914 889 populis
932 816 1157 883 convenerunt,
1175 827 1313 890 quorum

292 897 439 984 plusque
454 933 499 944 —
515 895 596 961 adeo
612 914 713 982 parva
730 906 821 961 erant
836 931 882 946 -
896 897 931 961 in
948 894 1141 966 oblivionem
1165 899 1311 965 adducta.

295 991 514 1079 Apolloniatae
529 1001 688 1056 mecentos
705 990 844 1074 equites,
862 1002 990 1056 centum
1007 992 1130 1079 pedites
1147 994 1310 1061 miserans
1331 1016 1346 1064 9

295 1085 476 1152 Aetolorum
490 1085 560 1151 alae
572 1084 669 1149 unius
680 1084 790 1160 instar,
807 1097 962 1169 quantum
978 1086 1020 1151 ab
1031 1096 1098 1152 tota
1114 1098 1211 1174 gente
1223 1090 1313 1173 equi-

295 1189 356 1247 tum
370 1190 519 1258 venerat,
536 1189 568 1245 et
583 1178 827 1257 Thessalorum,
847 1175 1015 1267 [quorum]
1033 1182 1136 1247 omnis
1152 1182 1311 1267 equitatus
1331 1207 1364 1255 10

296 1287 430 1362 speratus
453 1286 535 1352 erat,
560 1295 626 1340 non
652 1272 844 1359 plusquam
866 1275 998 1341 trecenti
1021 1286 1112 1341 erant
1133 1277 1256 1362 equites
1278 1277 1312 1343 in

297 1370 397 1436 matris
411 1369 576 1435 Romanis.
602 1368 727 1435 Achaei
743 1368 918 1434 iuventutis
937 1391 1013 1436 suae
1028 1366 1156 1437 Cretico
1174 1373 1312 1438 maxime

296 1477 411 1530 armatu
428 1464 470 1528 ad
486 1464 574 1529 mille
592 1463 783 1549 quingentos
801 1464 967 1529 dederunt.

350 1557 440 1625 LVI.
469 1556 539 1625 Sub
556 1557 641 1623 idem
659 1569 785 1644 tempus
802 1569 834 1623 et
853 1555 892 1624 C.
910 1557 1082 1624 Lucretius
1099 1571 1236 1646 praetor,
1254 1560 1310 1644 qui
1330 1584 1343 1632 1

296 1653 420 1719 navibus
434 1663 580 1738 praeerat
593 1653 635 1717 ad
643 1648 896 1738 Cephallaniam,
905 1653 954 1717 M.
963 1652 1116 1719 Lucretio
1129 1654 1227 1720 fratre
1237 1677 1311 1721 cum

297 1747 385 1814 classe
409 1769 506 1833 super
521 1746 668 1812 Maleum
686 1745 872 1812 Chalcidem
894 1747 981 1812 iusso
1002 1758 1110 1833 petere
1131 1748 1200 1833 ipse
1221 1750 1312 1815 tn're-

297 1865 369 1910 uem
386 1844 584 1919 conscendit,
606 1842 711 1908 sinum
730 1839 932 1912 Corinthium
949 1853 1062 1928 petens
1078 1843 1120 1908 ad
1138 1863 1311 1930 praeoccu-

297 1939 406 2024 pandas
423 1939 458 2002 in
474 1937 611 2002 Boeotia
626 1959 687 2002 res.
714 1936 835 2002 tardior
849 1936 879 2002 ei
896 1937 1058 2023 navigatio
1075 1949 1206 2025 propter
1222 1938 1310 2004 infir·
1328 1962 1343 2008 2

298 2033 428 2097 nitatem
443 2031 583 2117 corporis
596 2031 667 2095 fuit.
694 2030 743 2097 Μ.
753 2029 927 2097 Lucretius
938 2028 1125 2097 Chalcidem
1138 2032 1310 2100 adveniens
1329 2055 1344 2102 s

298 2145 359 2191 cum
372 2125 440 2191 aP.
450 2125 591 2190 Lentulo
600 2124 784 2189 Haliartum
794 2124 976 2211 oppugnari
989 2125 1139 2203 audisset,
1153 2126 1310 2204 nuntium,

298 2222 437 2306 praetoris
459 2219 565 2286 verbis
587 2220 643 2303 qui
663 2219 834 2285 abscedere
858 2243 931 2285 eum
952 2220 1027 2285 iude
1048 2219 1188 2299 iuberet,
1213 2221 1309 2287 misit

297 2313 480 2380 Boeotorum
493 2315 669 2391 iuventute,
683 2336 765 2399 quae
778 2336 853 2401 pars
863 2337 937 2379 cum
945 2314 1098 2381 Romanis
1108 2316 1223 2394 stabat,
1238 2339 1308 2382 eam
1327 2339 1344 2385 4

296 2429 354 2474 rem
370 2411 540 2497 adgressus
556 2409 682 2494 legatus
699 2431 719 2472 a
736 2408 904 2475 moenibus
918 2408 1081 2474 abscessit.
1107 2409 1188 2474 haec
1205 2409 1308 2474 soluta
1327 2432 1342 2479 5

298 2503 407 2570 obsidio
428 2506 536 2570 locum
558 2502 649 2569 alteri
670 2525 773 2570 novae
791 2504 949 2569 obsidioni
971 2503 1076 2581 dedit,
1099 2525 1237 2587 namque
1256 2527 1311 2570 ex·

296 2600 402 2685 templo
419 2598 469 2663 M.
478 2598 651 2663 Lucretius
668 2620 741 2663 cum
759 2597 903 2664 exercitu
918 2598 1035 2676 navali,
1054 2598 1165 2664 decem
1182 2599 1311 2664 milibus

295 2709 493 2772 armatorum,
521 2695 563 2758 ad
588 2693 650 2758 hoc
672 2693 797 2759 duobus
819 2692 948 2758 milibus
969 2694 1145 2779 regiorum,
1172 2694 1229 2778 qui
1249 2692 1310 2758 suh

293 2788 453 2855 Athenaeo
475 2798 579 2866 erant,
605 2788 789 2853 Haliartum
816 2787 1033 2865 circumsedit,
1060 2787 1310 2874 parantibusque

291 2883 348 2950 ianr
361 2905 550 2970 oppugnare
562 2882 745 2967 supervenit
759 2879 912 2948 aCreusa
925 2891 1062 2969 praetor.
1089 2882 1131 2946 ad
1143 2881 1230 2947 idem
1242 2880 1310 2947 fere
1329 2902 1344 2950 6

291 2989 410 3064 tempus
428 2988 460 3043 et
478 2977 519 3042 ab
537 2976 630 3041 sociis
651 2998 751 3041 naves
769 2973 958 3041 Chalcidem
975 2987 1205 3052 convenerunt,
1227 2975 1311 3041 duae

288 3071 427 3139 Punicae
441 3073 697 3157 quinqueremes,
716 3071 799 3137 duae
816 3071 858 3136 ab
867 3072 1027 3137 Heraclea
1044 3093 1084 3136 ex
1096 3070 1202 3135 Ponto
1220 3071 1312 3136 trire-

287 3191 365 3247 mes,
384 3179 537 3253 quattuor
554 3165 775 3243 Chalcedone,
797 3166 930 3231 totidem
949 3164 1064 3243 Samo,
1082 3176 1151 3229 tum
1168 3163 1310 3249 quinque

285 3263 428 3329 Rhodiae
448 3261 675 3347 quadriremes.
719 3260 777 3326 has
794 3271 937 3347 praetor,
964 3260 1039 3343 quia
1060 3279 1220 3342 nusquam
1242 3267 1343 3325 erata

285 3360 490 3423 maritumum
507 3356 637 3434 bellum,
654 3354 776 3420 remisit
793 3355 897 3420 sociis.
925 3363 958 3419 et
975 3352 1017 3434 Q.
1027 3352 1171 3416 Marcius
1181 3349 1310 3417 Chalci·

285 3452 356 3519 dem
372 3451 512 3518 navibus
529 3450 618 3516 venit
634 3451 741 3535 Alope
758 3461 866 3537 capta,
889 3447 1019 3524 Larisa,
1042 3467 1125 3530 quae
1145 3442 1310 3511 Cremaste

285 3546 411 3623 dicitur,
429 3545 625 3632 obpugnata

346 3639 434 3708 cum
461 3639 514 3705 hic
539 3650 641 3704 status
664 3638 698 3703 in
720 3638 856 3703 Boeotia
883 3646 981 3713 esset,
1007 3633 1146 3700 Perseus
1172 3654 1246 3699 cum
1269 3634 1343 3704 ada

285 3736 469 3812 Sucurium,
482 3734 565 3799 sicut
574 3745 647 3799 ante
658 3733 778 3798 dictum
791 3742 850 3810 est,
866 3731 981 3796 stativa
994 3729 1137 3807 haberet,
1150 3728 1310 3794 frumento

285 3831 426 3915 undique
444 3829 530 3894 circa
547 3851 587 3893 ex
605 3827 690 3913 agris
708 3837 877 3903 convecto,
896 3825 937 3891 ad
954 3823 1146 3889 vastandum
1164 3819 1310 3909 [agrum]

285 3926 503 3992 Pheraeorum
518 3922 615 4000 misit,
629 3932 717 3986 ratus
732 3920 943 3986 adiuvandas
960 3919 1118 3984 sociorum
1132 3917 1228 3983 urbes
1240 3917 1310 3982 lon·
1328 3935 1342 3983 a

285 4021 354 4107 gius
363 4045 384 4085 a
393 4019 506 4085 castris
520 4017 696 4082 abstractos
710 4014 907 4101 deprehendi
914 4014 1077 4080 Romanos
1091 4034 1195 4099 posse.
1222 4030 1304 4094 quos
1324 4029 1359 4079 lo

285 4137 357 4180 cum
378 4136 418 4181 eo
447 4113 587 4177 tumultu
607 4111 686 4176 nihil
707 4121 811 4175 motos
838 4109 1130 4184 animadvertisset,
1156 4105 1309 4192 praedam

285 4210 414 4293 quidem
430 4218 656 4295 praeterquam
672 4205 890 4271 hominum-
901 4226 1018 4291 pecora
1035 4214 1143 4269 autem
1159 4221 1310 4267 maxume

285 4305 386 4369 omnis
403 4302 532 4390 generis
549 4301 639 4368 fuere
656 4301 823 4365 —divisit
841 4300 883 4365 ad
900 4298 1095 4386 epulandum
1113 4294 1277 4361 militibus.

1283 4437 1424 4543 t*
