3359 5092
494 531 613 588 amaa
628 529 787 602 xxm,
805 531 919 587 21-23.
939 532 1092 603 [acam]
1266 521 1310 587 45

285 711 399 776 nagno
417 710 576 754 consensu
592 689 696 776 plebis
714 688 807 754 scivit
823 688 988 773 iussitque.
1029 713 1069 755 ex
1087 713 1125 757 eo
1143 692 1310 776 plebiscito

285 783 318 850 C.
341 784 492 849 Licinius
514 795 643 871 praetor
664 784 824 850 consuluit
851 797 1012 862 senatum,
1040 808 1137 871 quem
1158 808 1310 871 quaerere

285 901 318 946 ea
340 878 510 965 rogatione
535 878 641 944 vellet.
694 891 801 966 patres
831 879 939 966 ipsum
965 903 1038 944 eum
1066 901 1219 964 quaerere
1245 882 1311 946 ius-

285 985 399 1040 nnmt.

339 1065 465 1132 XXII.
491 1066 578 1132 Tum
595 1068 727 1134 demum
743 1068 891 1135 consules
908 1068 943 1133 in
960 1068 1157 1156 provinciam
1174 1069 1310 1156 profecti
1329 1094 1340 1139 1

285 1172 352 1227 sunt
383 1161 624 1246 exercitumque
656 1187 676 1228 a
703 1163 753 1228 M.
779 1164 920 1251 Popillio
947 1175 1148 1249 acceperunt
1205 1186 1310 1249 neque
1328 1186 1344 1233 a

285 1277 387 1322 amen
410 1256 461 1320 M.
479 1255 635 1342 Popillius
653 1258 771 1323 reverti
786 1259 925 1324 Romam
943 1258 1096 1336 audebat,
1122 1282 1163 1324 ne
1181 1280 1312 1325 eausam

285 1349 398 1416 liceret
413 1350 549 1416 adverso
563 1365 686 1429 senatu,
703 1352 868 1419 infestiore
881 1354 1010 1439 populo,
1030 1364 1108 1439 aput
1121 1364 1310 1439 praetorem,

285 1445 335 1530 qui
353 1445 395 1510 de
413 1445 601 1528 quaestione
613 1447 694 1512 inse
712 1447 817 1532 posita
829 1459 976 1514 senatum
990 1448 1209 1513 consuluisset.
1235 1446 1311 1512 huic
1328 1463 1344 1510 a
1460 1499 1462 1504 .

285 1539 506 1608 humationi
530 1541 599 1608 eius
626 1542 746 1608 tribuni
772 1543 875 1628 plebis
903 1543 1033 1609 alterius
1055 1541 1229 1629 rogationis
1256 1542 1311 1607 de·

285 1636 481 1702 nuntiatione
498 1647 717 1714 occurrerunt,
739 1648 777 1702 ut
798 1637 826 1702 si
847 1659 912 1702 non
929 1648 1002 1703 ante
1019 1636 1092 1702 idus
1110 1636 1310 1702 Novembres

285 1731 310 1796 'n
331 1729 452 1796 urbem
467 1730 606 1796 Romam
630 1730 805 1809 introisset,
832 1731 872 1797 de
894 1733 1026 1801 absente
1051 1753 1090 1796 eo
1108 1729 1147 1796 C.
1165 1731 1310 1796 Licinius

285 1835 436 1890 ttatueret
453 1846 492 1888 ac
508 1824 672 1891 iudicaret
708 1825 769 1890 hoc
786 1838 906 1891 tractus
929 1826 1057 1892 vinculo
1075 1848 1149 1892 cum
1165 1824 1310 1899 redisset,
1328 1842 1345 1887 4

285 1918 497 2006 ugentinum
513 1919 634 1985 invidia
651 1919 685 1983 in
703 1931 850 1986 senatum
867 1920 964 1986 venit.
999 1920 1045 1984 ibi
1062 1942 1136 1986 cum
1153 1920 1310 1985 laceratus
1328 1933 1344 1980 5

285 2013 391 2100 urgiis
409 2014 583 2078 multorum
601 2027 698 2093 esset,
717 2026 846 2080 senatus
863 2016 1043 2080 consultum
1060 2014 1182 2080 factum
1200 2023 1260 2089 est,
1275 2025 1311 2077 ut

285 2111 332 2196 qui
350 2109 517 2195 Ligurum
534 2119 606 2193 post
623 2107 666 2190 Q.
679 2109 841 2187 Fulvium,
860 2108 901 2174 L.
910 2110 1071 2175 Manlium
1089 2108 1235 2174 consrrles
1253 2107 1311 2172 ho-

285 2219 340 2272 aas
359 2226 430 2270 non
446 2203 599 2280 fuissent,
617 2216 653 2270 ut
669 2225 725 2270 eos
744 2202 784 2270 C.
801 2205 962 2282 Licinius,
981 2203 1042 2271 Cn.
1062 2203 1201 2270 Sicinius
1218 2224 1311 2287 prae-

285 2321 365 2366 ores
391 2299 428 2363 in
454 2298 634 2364 libertatem
663 2300 875 2365 restituendos
902 2310 1047 2365 curarent
1078 2319 1256 2384 agrumque
1283 2299 1310 2360 is

285 2413 368 2459 rans
384 2392 517 2457 Padum
539 2394 652 2458 consul
669 2391 708 2459 C.
722 2393 880 2479 Popillius
898 2395 998 2459 daret.
1031 2393 1132 2457 multa
1149 2393 1236 2456 milia
1253 2390 1310 2454 ho·
1329 2403 1344 2450 6

285 2489 403 2552 ninum
416 2486 478 2551 hoe
493 2497 621 2552 senatus
636 2489 779 2553 consulto
797 2489 942 2553 restituta
953 2488 987 2550 in
1003 2487 1191 2563 libertatem,
1210 2497 1311 2549 trans·

285 2581 450 2666 ductisque
458 2580 588 2646 Padum
606 2604 683 2667 ager
700 2594 749 2648 cst
761 2582 958 2667 adsignatus.
985 2580 1034 2645 Μ.
1044 2579 1202 2666 Popillius
1216 2600 1311 2664 roga·
1329 2592 1343 2638 t

285 2676 374 2740 tione
387 2675 513 2740 Marcia
533 2675 583 2740 bis
605 2686 684 2761 aput
705 2673 744 2740 C.
762 2675 927 2742 Licinium
943 2697 1074 2740 causam
1098 2674 1191 2751 dixit3
1218 2673 1311 2738 tertio

285 2782 417 2856 praetor,
436 2770 542 2856 gratia
558 2770 696 2836 consulis
715 2770 854 2836 absentis
872 2781 905 2836 et
911 2770 1069 2858 Popilliae
1085 2768 1226 2834 familiae
1239 2790 1312 2855 pre-

285 2865 372 2930 cibus
389 2865 511 2942 victus,
538 2864 644 2931 idibus
661 2866 779 2931 Martis
801 2866 914 2932 adesse
930 2889 1022 2933 reum
1038 2865 1144 2942 iussit,
1172 2884 1236 2948 quo
1259 2862 1312 2928 die

285 2959 356 3024 novi
373 2960 582 3045 magistratus
595 2959 705 3025 inituri
718 2971 808 3027 erant
824 2960 987 3039 honorem,
1004 2984 1046 3026 ne
1062 2959 1181 3025 diceret
1192 2958 1248 3022 ius
1256 2956 1312 3040 qui

288 3055 425 3136 privatim
444 3053 571 3119 futurus
590 3065 682 3120 esset.
709 3054 754 3120 ita
770 3055 895 3141 rogatio
914 3055 953 3121 de
971 3053 1148 3141 Liguribus
1166 3064 1233 3117 arte
1251 3050 1312 3114 fal·
1329 3064 1345 3111 8

293 3143 343 3214 lsei
359 3150 453 3215 elusa
469 3160 527 3214 est

345 3245 485 3312 XXIII,
513 3245 631 3332 Legati
654 3243 937 3331 Carthaginienses
963 3266 1001 3309 eo
1024 3256 1167 3327 tempore
1188 3240 1311 3305 Romae
1331 3254 1344 3299 1

301 3352 373 3406 erant
398 3353 430 3406 et
459 3338 603 3406 Gulussa
628 3340 712 3405 filius
738 3340 940 3405 Masinissae.
985 3339 1148 3402 intereos
1174 3356 1311 3419 magnae

303 3436 504 3500 contentiones
518 3434 554 3498 in
571 3446 684 3500 senatu
700 3434 800 3500 fuere.
835 3432 1117 3519 Carthaginienses
1135 3428 1312 3516 quereban·
1330 3442 1345 3488 2

303 3535 342 3592 tur
354 3541 479 3614 praeter
495 3551 621 3615 agrum,
639 3530 680 3596 de
698 3552 762 3615 quo
780 3541 853 3595 ante
870 3529 968 3615 legati
985 3527 1027 3592 ab
1041 3528 1155 3602 Roma,
1172 3524 1228 3609 qui
1246 3518 1311 3609 [in]

303 3639 328 3686 re
340 3623 497 3707 praesenti
519 3636 763 3709 cognoscerent,
780 3624 870 3688 missi
888 3633 1009 3698 essent,
1030 3621 1166 3707 amplius
1184 3630 1312 3703 septua-

302 3713 376 3798 ginta
388 3717 507 3803 oppida
520 3719 714 3803 castellaque
728 3719 798 3805 agri
807 3716 1080 3803 Carthaginiensis
1098 3714 1225 3780 biennio
1240 3733 1313 3797 pro-

301 3829 383 3874 xumo
399 3811 608 3877 Masinissam
628 3813 662 3877 vi
684 3824 778 3897 atque
797 3813 892 3877 armis
910 3811 1103 3897 possedisse:
1125 3808 1159 3873 id
1177 3808 1237 3884 illi,
1260 3804 1313 3869 cui
1330 3820 1345 3866 3

298 3902 366 3968 nihil
381 3906 472 3991 pensi
490 3906 546 3982 sit,
569 3905 663 3972 facile
681 3930 761 3973 esse.
798 3904 1080 3991 Carthaginienses
1097 3902 1225 3970 foedere
1241 3899 1314 3963 inli-

295 4009 378 4084 gatos
404 4000 512 4078 silere;
543 4000 706 4086 prohiberi
737 4003 822 4067 enim
849 4011 939 4066 extra
968 4000 1048 4066 fines
1075 3998 1188 4065 efferre
1214 4015 1312 4058 arma.

294 4111 481 4177 quamquam
498 4094 601 4159 sciant
617 4096 651 4160 in
668 4095 734 4160 suis
751 4095 883 4173 finibus,
905 4094 933 4159 si
949 4094 1023 4159 inde
1040 4094 1073 4158 N
1074 4090 1197 4157 umidae
1215 4085 1313 4172 pelle·
1331 4102 1347 4146 4

292 4201 366 4266 rent,
379 4212 416 4254 se
428 4199 577 4275 gesturos
589 4189 720 4266 bellum,
733 4190 788 4255 illo
801 4191 880 4256 haut
894 4189 1046 4276 ambiguo
1059 4188 1161 4273 capite
1175 4179 1313 4248 foederis

288 4283 448 4363 deterreri,
465 4305 531 4369 quo
548 4284 666 4352 diserte
683 4296 830 4352 vetentur
847 4307 921 4351 eum
939 4284 1032 4350 sociis
1048 4279 1158 4369 populi
1175 4272 1314 4343 Romani

1321 4435 1440 4529 1·
