3359 5092
375 514 442 579 210
506 523 729 582 PERIOCHAE
747 521 952 579 LIBRORUI
969 522 1279 580 LXXVII—LXXX.

374 665 502 730 haberet,
515 662 716 728 manumissus,
730 667 775 715 set
783 661 820 714 ob
829 660 922 715 scelus
930 661 1034 739 proditi
1044 661 1150 714 domini
1160 662 1197 716 de
1207 680 1274 717 saxo
1283 664 1390 720 deiectus

374 739 426 788 est.
454 732 486 787 C.
500 732 607 785 ilarius
620 730 695 784 tilius
708 730 736 783 in
752 730 878 783 Africam
893 729 1011 783 traiecit.
1039 729 1071 784 C.
1085 729 1192 784 Marius
1206 739 1289 801 pater
1301 735 1390 789 cumin

374 802 525 872 paludibus
543 799 777 854 Minturnensium
793 799 908 865 lateret,
924 805 1065 853 extractus
1084 805 1127 853 est
1144 799 1182 853 ab
1200 802 1358 871 oppidanis,
1370 811 1391 858 et

375 888 439 923 eum
451 870 551 922 missus
565 871 602 923 ad
615 868 801 922 occidendum
809 885 874 922 eum
883 884 991 934 sersus,
1004 867 1120 922 natione
1130 865 1245 938 Gallus,
1261 871 1390 926 maiestate

373 940 446 993 tanti
459 938 510 991 viri
520 938 683 1008 perterritus
691 936 866 1004 recessisset,
880 935 1018 1005 inpositus
1031 936 1144 1005 publice
1157 938 1226 991 navi
1240 939 1347 994 delatus
1358 948 1389 995 est
1415 989 1417 1006 ,

372 1010 403 1061 in
421 1008 556 1061 Africam.
583 1007 617 1060 L.
634 1005 715 1061 Sulla
732 1005 854 1058 civitatis
872 1011 976 1058 statum
993 1004 1144 1070 ordinavit,
1163 1006 1266 1062 exinde
1284 1010 1389 1064 colonias
1416 1031 1417 1040 ¹

374 1076 496 1131 deduxit.
526 1075 559 1139 Q.
570 1064 720 1145 Pomp'eius
731 1074 843 1140 consul,
859 1074 896 1127 ad
905 1073 1099 1153 accipiendum
1108 1089 1127 1126 a
1136 1073 1187 1129 Cu.
1197 1074 1333 1147 Pompeio
1341 1094 1388 1148 pro

373 1146 488 1199 consule
498 1145 650 1199 exereitum
658 1142 809 1213 profectus,
824 1142 941 1196 consilio
951 1158 1012 1196 erus
1020 1142 1128 1196 occisus
1137 1148 1190 1197 est.
1217 1142 1386 1211 Mithridates,

373 1215 458 1268 Ponti
479 1230 541 1281 rex,
564 1213 701 1283 Bithynia
722 1217 752 1265 et
772 1210 956 1281 Cappadocia
978 1211 1122 1290 occupatis
1145 1218 1174 1266 et
1191 1214 1275 1283 pulso
1293 1216 1386 1286 Aquilio

372 1283 473 1362 legato
478 1282 647 1353 Phrygiam,
661 1279 833 1351 prouinciam
841 1280 940 1350 populi
948 1279 1077 1348 Romam,
1092 1295 1156 1334 cum
1164 1280 1277 1353 ingenti
1286 1284 1386 1339 exercitu

373 1359 495 1405 intrant.

767 1421 807 1461 Ex
820 1420 879 1459 ua.
894 1420 1014 1460 amm.

425 1488 601 1543 Mithridates
618 1487 717 1541 Asiam
736 1485 895 1566 occuparit,
915 1484 949 1549 Q.
968 1484 1090 1554 Oppium
1106 1487 1316 1557 proconsulem,
1336 1491 1384 1545 item

373 1558 448 1624 [Mt]
458 1559 485 1610 A
505 1558 603 1610 uilium
612 1557 745 1627 legatum,
755 1555 906 1608 insuncula
915 1553 1044 1633 coniecit,
1053 1554 1186 1634 iussuque
1197 1558 1257 1611 cius
1272 1559 1383 1683 qurffl

373 1628 473 1680 civium
519 1641 681 1679 omanorum
698 1625 727 1677 in
744 1625 815 1678 Asia
831 1623 887 1676 fuit
903 1639 960 1676 uno
978 1623 1024 1677 dre
1041 1623 1214 1677 trucidatum
1231 1635 1284 1679 est.

372 1695 511 1762 Rhodum,
527 1712 600 1765 quae
610 1694 671 1747 sola
677 1694 708 1746 iu
716 1691 773 1747 fide
781 1693 880 1772 populi
887 1692 1009 1745 Romani
1018 1697 1173 1756 manserat,
1190 1698 1383 1765 oppugnaritot

374 1764 482 1843 aliquot
502 1763 617 1833 proeliis
638 1762 787 1816 navalibus
803 1767 895 1814 metus
912 1761 1036 1815 recessit
1071 1761 1231 1815 Archelaus
1248 1762 1381 1831 praefectus

372 1850 448 1904 regis
466 1833 495 1885 in
510 1832 659 1886 Graeciam
677 1849 741 1885 cum
755 1830 880 1885 exercitu
892 1830 981 1896 venit,
996 1829 1124 1883 Athenas
1138 1847 1210 1884 occu
1231 1832 1302 1885 anit.
1324 1846 1381 1901 prae

372 1908 452 1955 terea
468 1901 684 1970 trepidationem
702 1899 812 1953 urbium
829 1898 1052 1967 insularumque,
1077 1898 1140 1951 aliis
1159 1899 1198 1952 ad
1210 1848 1380 1953 llitbridateu

373 1969 437 2024 aliis
446 1970 482 2023 ad
490 1970 626 2039 populum
633 1969 792 2022 Romanum
801 1967 929 2021 civitates
939 1984 1004 2020 suas
1013 1966 1200 2037 trahentibus,
1212 1969 1339 2024 continet

763 2048 804 2088 ux
816 2048 873 2087 nin
886 2047 1014 2088 mmm.

424 2105 458 2158 L.
469 2105 613 2160 Cornelius
624 2104 716 2160 Cinna
729 2105 828 2159 consul
841 2122 905 2158 cum
918 2104 1090 2173 perniciosas
1102 2104 1182 2177 leges
1197 2124 1250 2177 per
1258 2107 1311 2161 vim
1319 2112 1379 2176 atqu

374 2191 452 2228 arma
459 2174 560 2234 ferret.
575 2174 672 2244 pulsus
686 2174 756 2228 urbe
770 2174 806 2227 ab
816 2171 869 2228 Gn.
881 2172 997 2227 Octavio
1007 2174 1118 2245 collega
1127 2191 1192 2228 cum
1231 2193 1280 2231 sex
1288 2173 1378 2231 tribuit

372 2243 479 2313 plebis,
496 2243 669 2312 imperioque
683 2242 710 2297 ei
724 2242 861 2313 abrogato
876 2248 1035 2311 corruptum
1048 2242 1076 2295 A
1095 2243 1126 2313 pi
1140 2243 1244 2298 Claudi
1258 2245 1378 2322 exeratur

412 2312 745 2434 ΜΜΜ
769 2261 1265 2368 i
1275 2313 1377 2439 tu

373 2400 407 2436 ex
484 2398 519 2434 ea
536 2398 599 2434 cum
666 2397 680 2432 s
696 2397 712 2434 e
762 2398 772 2432 1
826 2420 833 2432 .
1178 2399 1196 2437 a

372 2450 500 2519 Pompeii
509 2449 640 2516 exercitu,
652 2449 724 2503 alter
732 2466 766 2503 ex
774 2448 893 2515 Cinnae,
907 2396 1069 2518 iqgnorautes
1079 2424 1288 2521 concurrerun’t,
1302 2458 1376 2508 etet!

372 2520 462 2573 victor
474 2519 609 2588 spoliaret
622 2517 758 2585 occisum,
772 2517 869 2605 agnito
885 2516 970 2572 fratre
983 2517 1092 2589 ingenti
1104 2518 1307 2576 lamentatione
1315 2519 1374 2582 editt,

372 2603 442 2659 rogo
455 2588 482 2641 ei
496 2592 650 2655 exstructo,
670 2586 775 2655 ipsese
790 2602 875 2655 supra
888 2602 987 2657 rogum
1004 2586 1157 2641 transfodit
1176 2595 1206 2643 et
1223 2591 1317 2645 eodem
1331 2588 1374 2658 ip!

640 2660 669 2709 a
678 2650 1374 2783 sut

373 2740 826 2862 piriblligatislnolptimlbllillinprebbs
843 2792 976 2845 auxilium
993 2792 1059 2845 tulit
1095 2798 1124 2848 et
1141 2796 1266 2850 consulis
1283 2743 1372 2922 ἓξωῗ

1319 2879 1345 2918 uo

374 2859 531 2916 confirmati
540 2860 632 2914 Cinna
646 2867 675 2914 et
683 2860 789 2914 Marius
802 2867 935 2931 quattuor
949 2833 1130 2931 exercitibus,
1146 2865 1294 2935 exquibus

375 2928 498 2982 Sertorio
508 2935 537 2983 et
546 2928 668 2982 Carboni
678 2930 736 2982 dati
746 2937 819 2994 sunt,
828 2932 928 2984 urbem
937 2930 1183 2986 circumsederunt.
1215 2929 1371 2990 Ostiancdc-
1415 2963 1417 2968 ·

374 2997 451 3052 niam
462 2998 591 3067 [Marius]
603 2998 778 3070 expugnavit
785 3004 816 3053 et
824 2998 975 3053 crudeliter
983 2998 1107 3069 diripuit.

784 3078 894 3118 exuta.
908 3077 995 3120 dxxx,

425 3135 532 3191 Italicis
540 3135 652 3206 populis
662 3153 679 3189 a
689 3141 789 3190 senatu
798 3135 897 3189 civitas
907 3137 976 3191 data
983 3142 1035 3190 est.
1054 3135 1197 3194 Samnites
1213 3140 1369 3210 quisolimt

373 3205 555 3276 recipiebant,
565 3206 672 3261 Cinnae
682 3211 711 3259 et
719 3204 809 3258 Mario
818 3222 849 3259 se
858 3205 1067 3260 coniunxerunt.
1089 3181 1315 3264 abbiritanus
1322 3208 1369 3275 leg*

373 3279 419 3326 tus
434 3291 498 3328 eum
513 3275 636 3329 exercitu
648 3291 747 3328 caesus
760 3277 811 3327 est.
838 3271 929 3328 Cinna
938 3274 1081 3329 etblarius
1090 3292 1154 3329 cum
1163 3273 1370 3335 euboneettn
1407 3325 1418 3338 .

373 3341 445 3396 torio
472 3342 629 3397 Ianiculum
655 3347 889 3414 oppugnaverunt
914 3348 945 3396 et
969 3343 1062 3415 fugati
1089 3344 1127 3398 ab
1150 3344 1271 3402 Octavio
1290 3340 1370 3401 roualt

374 3417 556 3464 recesserunt.
591 3410 698 3465 Marius
714 3410 830 3464 Antium
853 3416 883 3465 et
898 3411 1023 3466 Ariciam
1045 3417 1075 3467 et
1095 3412 1259 3470 Lanuvium
1280 3410 1370 3471 colui·
1412 3465 1417 3474 .

375 3480 552 3549 expugnavit.
580 3496 644 3533 cum
662 3498 727 3549 spes
743 3479 824 3533 nulla
840 3485 915 3535 esset
931 3480 1113 3549 optimatibus
1127 3483 1278 3540 resistendi
1289 3485 1371 3556 prop&
1411 3535 1416 3544 .

375 3547 523 3617 segnitiam
537 3552 566 3602 et
577 3547 724 3617 perfidiam
738 3555 767 3603 et
780 3548 883 3602 dueum
897 3554 927 3603 et
937 3549 1057 3603 militum
1090 3551 1140 3621 qui
1152 3554 1279 3624 corrupti
1291 3558 1333 3608 aut
1340 3561 1371 3629 pt·
1411 3601 1417 3610 .

374 3616 941 3740 saeuius-teusetae
954 3590 1372 3760 aliaeu
1405 3633 1418 3686 ³

576 3725 580 3734 .
629 3705 638 3739 1
722 3704 728 3717 ·
1206 3709 1240 3746 us
1254 3708 1286 3747 ao

374 3757 554 3808 vastaverunt
566 3705 616 3809 Cri).
627 3702 872 3809 Octauioqcousule
886 3704 977 3809 ocello
991 3761 1021 3811 et
1033 3756 1163 3811 omnibus
1173 3751 1372 3830 adversrcpct'e
1404 3747 1418 3758 ¹

374 3821 515 3876 nouimus
523 3824 678 3891 meream,
692 3823 766 3878 inter
775 3839 844 3893 quos
853 3823 891 3876 u.
901 3824 1034 3891 Antonio,
1049 3816 1372 3896 eroquenusrmount·

374 3890 463 3944 Lucio
473 3896 486 3957 [
488 3896 554 3961 que]
566 3892 695 3958 Caesare,
710 3908 827 3961 quorum
836 3892 1178 3973 capitaiurostrisposita
1187 3903 1262 3952 sunt.
1287 3896 1373 3968 Gru!
1409 3912 1418 3966 j

373 3958 449 4012 filius
462 3960 499 4039 ab
513 3960 652 4029 equitibus
665 3960 808 4015 Fimbriae
822 3977 945 4040 occisus,
962 3968 1044 4031 pater
1052 3961 1186 4046 Crassus,
1200 3966 1315 4091 ”fflid
1325 3958 1372 4018 hd

374 4029 1231 4179 ttffitsitdtfflttittttttitittffl,
1249 4035 1372 4169 effi

375 4166 429 4235 dre,
444 4182 499 4236 quo
508 4167 702 4238 magistratum
711 4172 845 4235 imerant,
860 4166 965 4247 Manus
975 4166 1038 4224 Sex.
1047 4169 1191 4225 Licinium
1199 4163 1371 4228 rennuunt

374 4251 440 4288 saxo
455 4235 528 4289 deici
540 4235 632 4304 iussit,
647 4235 784 4316 editisque
797 4235 924 4305 plurimis
937 4237 1088 4292 sceleribus
1102 4239 1198 4295 idibus
1207 4233 1371 4310 Imurindr

375 4303 472 4371 cessit,
485 4303 528 4356 vir
540 4303 618 4357 cuius
631 4306 655 4357 si
665 4310 857 4360 examinentur
866 4322 929 4359 cum
938 4305 1087 4362 virtutibus
1095 4308 1180 4380 vitia,
1194 4310 1263 4366 haut
1271 4301 1371 4366 faciest
