3359 5092
330 523 392 590 158
547 535 665 592 umus
680 533 836 607 xxxxv,
855 535 938 591 a1o.
958 533 1141 605 [annua]

298 717 308 758 t
393 695 507 761 VIIIL
532 694 711 758 Maximam
727 703 852 779 putem
870 692 1033 778 copiarum
1050 691 1261 780 Amphipolis,
1274 693 1329 759 reli

329 810 410 873 quas
427 789 624 875 propinquae
642 788 738 852 urbes
756 799 956 872 acceperunt.
1364 753 1368 860 l

297 907 312 954 2
393 883 459 948 Hic
471 882 542 946 finis
556 882 641 959 belli,
660 903 735 947 cum
742 882 988 966 quadriennium
1001 881 1190 948 continuum
1203 882 1333 948 bellatum

330 987 424 1055 esset,
440 977 522 1042 inter
535 977 697 1042 Romanos
715 998 753 1041 ac
767 975 888 1041 Persea
904 976 976 1053 fuit,
993 975 1143 1059 idemque
1160 975 1233 1041 finis
1246 976 1367 1088 inclyti

297 1094 312 1141 3
330 1094 388 1157 per
404 1069 555 1156 Europae
573 1070 761 1156 plerumque
779 1081 876 1154 atque
894 1070 1009 1134 Asiam
1027 1091 1155 1136 onmem
1172 1071 1273 1156 regni.
1301 1065 1367 1135 vi·
1363 1133 1367 1162 ι

330 1165 505 1230 censimum
523 1167 565 1229 ab
584 1162 726 1242 Carano,
755 1164 812 1247 qui
827 1164 949 1249 primus
966 1165 1137 1249 regnabat,
1160 1163 1280 1230 Persea
1293 1187 1337 1228 nu·
1365 1171 1368 1216 ἱ

329 1259 505 1323 merebant.
548 1257 686 1324 Perseus
709 1256 751 1339 Q.
769 1257 901 1333 Fulvio,
930 1253 1003 1344 [L]
1027 1255 1153 1322 Manlio
1175 1223 1368 1323 consulibusl

330 1375 466 1438 regnum
484 1352 616 1437 accepit,
634 1375 654 1416 a
672 1363 785 1416 senatu
800 1373 860 1417 rex
877 1363 926 1416 est
943 1352 1122 1437 appellatus
1130 1350 1180 1416 M.
1191 1352 1292 1430 Iunio,
1305 1352 1336 1415 A

298 1470 314 1515 4
331 1448 455 1512 Manlio
465 1446 659 1521 consulibus,
677 1445 825 1531 regnavit
838 1445 988 1511 undecim
1001 1467 1111 1510 annos.
1137 1445 1337 1512 Macedonum

331 1542 468 1607 obscura
489 1541 662 1605 admodum
684 1540 771 1604 fama
791 1561 895 1624 usque
921 1540 962 1604 ad
984 1538 1172 1625 Philippum
1195 1541 1337 1628 Amyntac

331 1633 431 1698 filium
453 1635 523 1698 fuit.
568 1635 642 1700 inde
665 1656 703 1699 ae
726 1656 783 1719 per
805 1657 879 1699 eum
897 1629 1008 1720 [gens]
1028 1655 1171 1699 crescere
1194 1656 1269 1699 cum
1284 1655 1338 1700 ccc·

331 1728 438 1813 pisset,
452 1727 604 1814 Europae
618 1751 652 1794 se
669 1740 777 1794 tamen
790 1728 908 1792 finibus
925 1728 1090 1805 continuit,
1104 1726 1277 1794 Graeciam
1288 1752 1338 1793 on·

298 1844 313 1889 5
330 1845 405 1888 nem
415 1834 447 1887 ct
459 1833 583 1908 partem
592 1823 748 1888 Threciae
758 1833 855 1905 atque
864 1822 985 1907 Illyrici
993 1822 1151 1907 amplexa.
1179 1821 1338 1909 superfudit

332 1915 447 1980 deinde
465 1938 499 1980 se
516 1916 550 1980 in
563 1916 687 1992 Asiam,
705 1927 738 1981 et
753 1915 907 1981 tredecim
924 1915 1025 1993 annia,
1043 1916 1163 1999 quibus
1172 1916 1337 1983 meante

332 2009 493 2094 regnavit,
514 2009 654 2095 primum
671 2010 791 2085 omnia,
818 2031 883 2093 qua
899 2008 1073 2074 Persarum
1094 2031 1196 2095 prope
1215 2012 1336 2076 iumen

297 2122 313 2169 c
332 2101 435 2187 spatio
457 2102 627 2187 imperium
643 2102 762 2180 meret,
781 2125 858 2168 suae
876 2103 1007 2167 dicionis
1025 2102 1118 2180 fecit,
1138 2104 1268 2169 Arabas
1283 2103 1336 2168 lt'ut

331 2194 532 2279 Indiamque,
551 2213 617 2279 qua
629 2208 785 2262 terrarum
802 2198 941 2263 ultumos
955 2197 1027 2261 finis
1041 2197 1177 2261 rubrum
1191 2219 1279 2262 mare
1289 2217 1337 2261 u·

300 2312 313 2358 ι
332 2289 490 2374 plectitur,
507 2291 699 2376 peragravit.
727 2301 795 2355 tum
804 2291 980 2355 maximum
992 2291 1027 2354 in
1040 2291 1131 2356 terris
1141 2291 1337 2357 Macedonas

331 2404 467 2468 regnum
483 2405 673 2467 nomenque,
690 2384 764 2449 inde
781 2396 883 2449 morte
892 2384 1069 2449 Alexandri
1087 2385 1275 2450 distractum
1290 2376 1335 2470 [n]

332 2478 433 2541 multa
449 2500 563 2563 regna,
587 2478 668 2542 dum
685 2478 727 2543 ad
749 2502 783 2543 se
801 2478 936 2562 quisque
954 2501 1030 2563 opes
1047 2478 1192 2563 rapiunt,
1216 2475 1335 2544 lacerati

332 2569 665 2648 viribus,asum1no
688 2571 825 2636 culmine
852 2571 999 2637 fortunae
1021 2571 1064 2636 ad
1088 2571 1239 2636 ultimum
1263 2572 1335 2635 finem

332 2676 461 2729 centum
478 2666 711 2752 quinquaginta
728 2687 827 2730 annos
846 2666 941 2731 stetit.

300 2781 312 2826 1
395 2751 443 2822 X
465 2758 627 2824 V1ctur1ae
636 2760 800 2825 Romanae
809 2759 978 2824 famaeum
991 2758 1334 2845 pervasissetinAsisu,

332 2851 488 2928 Antenor,
502 2852 640 2934 quicum
653 2853 753 2918 classe
766 2853 944 2918 lemborum
958 2852 1139 2918 adPhanas
1155 2854 1269 2930 stabat,
1278 2848 1334 2916 Cat·

299 2966 314 3012 2
333 2945 493 3008 sandriam
505 2945 579 3011 inde
592 2947 723 3012 traiecit
752 2945 790 3012 C.
799 2947 967 3033 Popillius,
981 2967 1037 3030 qm
1026 2945 1124 3034 [ad]
1134 2947 1257 3032 Delum
1268 2963 1333 3033 prat·

333 3036 414 3102 sidio
431 3038 567 3104 navibus
580 3039 806 3106 Macedoniam
823 3040 1005 3126 petentibus
1019 3051 1097 3117 erat,
1115 3053 1284 3126 postquam
1297 3036 1333 3102 dc

332 3131 487 3196 bellatum
510 3133 545 3197 in
570 3133 762 3199 Macedonia
788 3145 821 3199 et
851 3134 986 3200 statione
1012 3145 1190 3200 surmnotos
1222 3132 1333 3200 hostium

333 3225 455 3290 lembos
474 3227 603 3303 audivit,
622 3228 759 3292 dimissis
778 3240 810 3294 et
826 3228 896 3313 ipse
911 3228 1029 3293 Atticis
1045 3228 1186 3293 navibus
1200 3228 1242 3293 ad
1255 3243 1333 3292 susce·

332 3329 421 3404 ptam
438 3320 630 3405 legationem
647 3321 862 3406 peragendam
874 3321 1027 3407 navigare
1037 3322 1230 3407 Aegyptum
1247 3315 1333 3408 pergit

300 3432 315 3479 a
333 3423 370 3475 ut
386 3414 475 3497 prius
488 3436 653 3480 occurrere
662 3415 823 3480 Antiocho
836 3426 954 3501 posset,
971 3437 1070 3499 quam
1084 3416 1127 3480 ad
1136 3415 1333 3483 Alexandrus

300 3526 317 3572 4
334 3505 461 3571 moenia
474 3508 648 3573 accederet
675 3530 748 3572 cum
761 3508 1078 3593 praeterveherentur
1087 3509 1207 3575 Asiam
1219 3505 1335 3609 legatie

333 3598 477 3683 Loryma
494 3601 662 3677 venissent,
680 3602 736 3684 qui
752 3613 862 3685 portus
876 3602 990 3687 viginti
1006 3602 1109 3711 paulo
1120 3604 1258 3689 amplius
1275 3594 1336 3664 mitt

301 3713 316 3759 5
335 3691 377 3755 ab
395 3692 509 3757 Rhodo
531 3694 634 3772 abest,
659 3718 701 3760 ex
719 3695 855 3760 adverso
872 3696 970 3760 urbi
961 3696 1023 3781 ipsi
1040 3696 1181 3781 positus,
1204 3695 1336 3807 principfl

334 3783 532 3849 Rhodiorum
554 3799 783 3852 occurrunt—
738 3789 863 3852 -iam
886 3789 970 3853 enim
994 3811 1033 3854 eo
1057 3810 1190 3873 quoque
1213 3785 1338 3856 victoris

335 3878 422 3942 fama
439 3879 561 3965 perlata
579 3892 646 3946 erat
662 3918 706 3929 —
722 3893 863 3959 orantes,
890 3893 927 3947 ut
943 3883 1096 3948 Rhodum
1115 3884 1339 3951 deueherentur:

336 3973 493 4058 pertinere
510 3974 600 4039 idad
617 3975 735 4040 famam
749 3976 948 4059 salutemque
963 3977 1111 4053 civitatis,
1129 4001 1266 4045 noscere
1278 3978 1341 4061 ipa·

337 4066 452 4141 omnia,
470 4088 552 4150 quae
570 4079 641 4132 acta
658 4079 1005 4153 essentagercnturque
1022 4070 1142 4148 Rhodi,
1162 4084 1197 4138 et
1214 4076 1343 4157 conpari!

302 4179 318 4227 6
336 4181 393 4243 per
411 4183 454 4235 se,
472 4182 537 4225 non
554 4162 683 4247 volgata
700 4162 801 4238 fama,
820 4161 958 4227 Romam
976 4163 1106 4231 referre.
1135 4166 1194 4231 diu
1211 4172 1344 4252 negauit⁸

337 4255 555 4336 perpulerunt,
582 4267 618 4320 ut
639 4278 760 4321 moram
786 4255 997 4341 navigationis
1019 4259 1154 4325 brevem
1177 4283 1238 4347 pro
1264 4258 1346 4325 salute
