3359 5092
515 537 1041 610 muuxxxxv‚26.[ac.1or]
1229 525 1292 591 175

322 699 460 766 XXVI.
486 696 578 762 Dum
590 695 670 761 haec
683 696 739 774 ibi,
755 696 818 761 alia
831 696 1077 773 inMacedonia,
1096 697 1290 764 aliaRomae
1310 720 1324 766 1

273 806 430 883 geruntur,
457 792 586 858 interim
604 787 668 877 [in]
686 791 817 876 Illyrico
839 790 881 856 L.
899 790 1036 856 Anicius
1059 814 1136 877 rege
1159 789 1290 871 Gentio,

273 891 342 954 sicut
368 898 444 953 ante
466 886 674 962 dictumest,
701 885 736 950 in
758 897 949 972 potestatem
970 885 1114 964 redacto,
1138 885 1290 964 Scodrae,

273 1007 343 1071 puae
360 983 452 1070 regia
468 982 584 1059 fuerat,
601 981 760 1068 praesidio
778 981 917 1068 inposito
933 981 1108 1048 Gabinium
1126 983 1290 1069 praefecit,

273 1078 400 1146 Rhizoni
416 1088 450 1143 et
459 1075 588 1143 Olcinio
600 1076 736 1142 urbibus
753 1076 939 1162 opportunis
949 1073 989 1141 Ο.
999 1075 1172 1142 Licinium.
1198 1098 1350 1163 prae-aa

273 1173 371 1260 positis
390 1171 441 1237 his
458 1171 589 1257 Illyrico
608 1168 712 1256 [cum]
727 1170 851 1254 reliquo
869 1171 1011 1236 exercitu
1033 1172 1067 1236 in
1084 1169 1221 1257 Epirum
1244 1184 1292 1237 est

273 1267 434 1354 profectus.
478 1264 536 1330 ubi
556 1265 660 1351 prima
682 1264 830 1330 Phanota
854 1265 884 1330 ei
910 1265 1019 1330 dedita
1040 1265 1128 1330 omni
1149 1265 1293 1330 multitu-

273 1360 337 1428 dine
353 1383 429 1425 cum
446 1359 556 1424 infulis
574 1359 704 1424 obviam
721 1359 834 1425 effusa.
862 1359 947 1437 hinc,
965 1359 1125 1445 praesidio
1142 1361 1291 1447 inposito,
1310 1383 1326 1428 4

273 1453 520 1520 inMolossidem
537 1465 764 1541 transgressus,
782 1455 873 1520 cuius
891 1455 1040 1520 omnibus
1058 1456 1183 1543 oppidis
1199 1477 1293 1541 prae-

273 1559 313 1615 ter
326 1550 541 1615 Passaronem
563 1560 595 1615 et
617 1550 813 1616 Tecmonem
836 1561 870 1616 et
890 1542 1057 1637 Phylacen
1081 1560 1113 1616 et
1129 1551 1293 1616 Horreum

273 1646 398 1732 receptis
411 1646 551 1731 primum
565 1644 830 1711 adPassaronem
845 1645 942 1713 ducit.
970 1647 1131 1711 Antinous
1146 1646 1293 1712 etTheo·
1311 1667 1326 1714 5

273 1739 356 1805 dotus
382 1740 543 1826 principes
570 1740 638 1805 eius
664 1739 800 1806 civitatis
826 1751 933 1818 erant,
959 1740 1101 1827 insignes
1124 1752 1156 1806 et
1181 1740 1292 1807 favore

273 1833 373 1901 Persei
391 1846 425 1901 et
447 1834 521 1899 odio
544 1833 697 1899 adversus
715 1834 894 1913 Romanos,
916 1836 1002 1900 idem
1018 1835 1187 1900 universae
1203 1836 1293 1922 genti

273 1941 409 1995 suctores
432 1927 630 1995 desciscendi
653 1929 694 1993 ab
711 1929 877 1995 Romanis.
922 1929 957 1994 hi
974 1929 1325 2016 conscientia-privas

273 2035 314 2090 ue
329 2046 445 2101 noxae,
464 2024 540 2108 quia
556 2024 634 2110 ipsis
652 2024 741 2089 nulla
758 2047 831 2111 spes
850 2024 962 2091 veniae
981 2036 1059 2103 erat,
1077 2035 1115 2090 ut
1131 2024 1293 2089 communi

273 2119 354 2186 ruina
370 2119 495 2206 patriae
512 2119 781 2205 opprimerentur,
804 2120 989 2186 clauserunt
1005 2131 1127 2205 portas,
1150 2119 1294 2184 multitu·

273 2211 379 2293 hnem,
393 2227 431 2280 ut
439 2225 574 2281 mortem
584 2215 730 2280 servituti
742 2227 985 2302 praeponerent,
999 2216 1172 2281 hortantes.
1198 2237 1293 2281 nemo
1312 2235 1326 2282 r

273 2309 417 2376 adversus
446 2309 662 2395 praepotentis
694 2310 780 2375 viros
810 2309 933 2376 hiscere
963 2310 1112 2377 audebat.
1165 2309 1294 2375 tandem

273 2401 449 2472 [heodotus
467 2404 608 2490 quidam,
626 2403 742 2469 nobilis
756 2415 789 2469 et
804 2405 874 2491 ipse
889 2406 1086 2482 adulescens,
1104 2426 1179 2470 cum
1192 2404 1294 2469 maior

273 2498 459 2566 tRomanis
485 2508 590 2565 metus
621 2499 767 2564 timorem
793 2523 814 2566 a
838 2499 1037 2587 principibus
1063 2499 1129 2564 suis
1155 2498 1293 2575 vicisset,

279 2615 361 2680 quae
378 2616 437 2659 vos
459 2592 579 2659 rabies’
605 2593 710 2677 inquit
737 2593 866 2681 ‘agitat,
889 2595 946 2678 qui
968 2595 1106 2658 duorum
1127 2592 1294 2658 hominum

273 2710 365 2756 noxae
381 2688 547 2754 civitatem
564 2689 779 2754 accessionem
795 2688 923 2755 facitis?
949 2688 1098 2772 equidem
1115 2709 1174 2774 pro
1190 2687 1295 2773 patria
1311 2708 1327 2757 8

273 2783 323 2868 qui
336 2785 437 2850 letum
454 2782 665 2868 oppetissent,
683 2805 779 2869 saepe
796 2783 894 2849 fando
913 2783 1022 2848 audivi
1027 2808 1037 2861 3
1058 2781 1141 2870 [qui]
1157 2783 1294 2868 patriam

273 2899 320 2966 pro
341 2901 377 2945 se
403 2877 510 2964 perire
536 2900 650 2944 aecum
675 2890 855 2956 censerent,
881 2878 915 2943 hi
941 2878 1035 2963 primi
1062 2877 1184 2944 inventi
1210 2889 1293 2942 sunt

273 2973 341 3058 {uin
354 2973 517 3059 aperimus
535 2982 654 3057 portas,
672 2983 703 3038 et
717 2972 889 3059 imperium
902 2973 1088 3059 accipimus,
1106 2972 1195 3056 quod
1208 2972 1294 3038 orbis

273 3089 421 3133 :arrarum
439 3066 595 3152 accepitl'
622 3066 702 3132 haec
720 3066 880 3133 dicentem
897 3089 972 3132 cum
992 3066 1164 3131 multitudo
1181 3087 1294 3150 seque-
1313 3085 1327 3133 9

273 3175 364 3242 eurr,
390 3160 555 3226 Antinous
577 3171 610 3227 et
626 3160 812 3227 Theodotus
833 3162 869 3226 in
891 3163 1028 3248 primam
1052 3160 1220 3224 stationem
1237 3159 1295 3223 ho-

273 3255 361 3322 rtium
378 3257 584 3343 inrupenmt,
607 3266 704 3341 atquo
725 3256 772 3321 ibi
789 3255 958 3322 offerentes
976 3278 1011 3320 se
1033 3254 1095 3341 ipsi
1111 3251 1294 3318 volneribus

273 3351 439 3418 nterl'ecti:
468 3350 546 3415 urbs
573 3349 681 3416 dedita
707 3363 756 3417 est
781 3351 946 3417 Romanis.
1000 3349 1095 3415 simili
1120 3348 1296 3435 pertinacia
1315 3368 1346 3417 10

273 3439 404 3532 dephali
420 3444 573 3532 principis
592 3446 737 3511 clausum
753 3446 951 3512 Tecmonem
967 3445 1037 3531 ipso
1055 3443 1221 3510 interfecto
1238 3465 1296 3529 per

273 3535 461 3606 deditionem
477 3539 608 3625 recepit.
634 3563 694 3606 nec
710 3539 855 3626 Phylace
872 3562 933 3607 nec
950 3541 1112 3604 Horreum
1130 3559 1297 3625 oppugna-

273 3631 384 3702 ionem
411 3634 563 3700 tulerunt.
616 3647 731 3721 pacata
758 3635 875 3723 Epiro,
907 3633 1080 3717 divisisque
1105 3633 1138 3699 in
1164 3634 1297 3700 hiberna
1317 3654 1346 3700 11

273 3729 365 3816 copiis
382 3751 442 3817 per
460 3739 656 3815 opportunas
674 3731 785 3807 urbes,
803 3751 968 3816 regressus
985 3728 1054 3814 ipse
1071 3728 1105 3792 in
1122 3727 1296 3814 Illyricum,

273 3815 422 3902 Scodrae,
440 3845 505 3908 quo
524 3823 666 3908 quinque
683 3825 781 3911 legati
799 3825 840 3890 ab
854 3825 959 3890 Roma
975 3833 1138 3900 venerant,
1156 3822 1296 3889 evocatis

273 3933 310 3982 ex
326 3930 394 3985 tota
410 3918 578 4005 provincia
594 3919 792 4005 principibus
810 3927 1004 3985 conventum
1020 3916 1143 3982 habuit.
1174 3917 1221 3982 ibi
1238 3937 1295 4001 pro
1316 3934 1347 3980 κ.)

273 4013 421 4078 tribunali
436 4013 655 4100 pronuntiavit
667 4014 708 4081 de
722 4012 880 4081 sententia
893 4011 1014 4090 consili,
1032 4023 1178 4077 senatum
1194 4030 1298 4095 popu-

273 4125 400 4194 ·umque
418 4108 601 4177 Romanum
617 4109 744 4197 Illyrios
766 4132 836 4176 esse
852 4108 970 4175 liberos
991 4106 1118 4174 iubere:
1139 4101 1297 4192 praesidia

273 4215 313 4267 ex
327 4203 476 4271 omnihus
487 4203 625 4292 oppidis,
637 4205 763 4271 arcibus
781 4215 815 4271 et
831 4203 969 4270 castellis
987 4225 1057 4269 sese
1075 4199 1296 4266 deducturum.

273 4311 336 4362 uon
358 4299 461 4366 solum
482 4299 616 4379 liberos,
643 4299 701 4367 sed
726 4301 822 4367 etiam
844 4299 991 4366 inmunes
1013 4297 1083 4365 fore
1100 4295 1242 4361 Issenses
1265 4301 1298 4358 et
1316 4306 1348 4357 ta
