3359 5092
476 531 597 592 mult
613 531 1094 606 xxxxllll,3t.38.[ac.168]
1241 521 1303 589 143

285 694 365 771 dam,
389 691 477 778 quod
500 691 569 757 sine
590 691 713 777 proelio
736 691 911 757 discessum
933 704 1030 770 esset,
1054 704 1240 761 accusarent
1260 730 1305 742 —

285 789 346 875 regi
366 797 515 874 prompta
537 786 681 852 defensio
704 797 786 865 erat,
811 808 878 852 non
894 807 932 854 eo
950 788 1068 866 solum,
1096 790 1183 873 quod
1203 790 1303 856 hostis
1323 808 1354 858 11

285 885 377 972 prior,
400 892 509 967 aperte
530 903 674 967 pugnam
692 881 889 960 detractans,
911 883 945 948 in
963 893 1067 948 castra
1083 883 1192 969 copias
1209 884 1304 951 redu·

285 976 388 1055 risset,
416 976 473 1042 sed
495 975 591 1041 etiam
612 974 701 1059 quod
723 996 761 1041 eo
779 976 849 1040 loco
871 976 964 1062 signa
984 976 1213 1055 constituisset,
1240 999 1304 1061 quo

285 1072 433 1157 phalanx,
458 1091 556 1155 quam
572 1070 718 1135 inutilem
735 1070 786 1135 vol
804 1070 971 1136 mediocris
988 1070 1138 1155 iniquitas
1154 1072 1217 1137 loci
1234 1071 1304 1137 effi·

285 1177 375 1243 ceret,
403 1165 583 1252 promoveri
606 1185 671 1230 non
692 1176 810 1251 posset.
855 1167 966 1231 consul
983 1166 1026 1231 ad
1042 1167 1076 1232 id
1098 1166 1185 1252 quod
1201 1167 1303 1254 pridie
1324 1182 1356 1233 12

285 1260 526 1347 praetermisisse
547 1259 714 1346 pugnandi
731 1260 930 1326 occasionem
948 1261 1130 1341 videbatur,
1148 1273 1181 1328 et
1196 1263 1304 1328 locum

285 1356 404 1422 dedisse
422 1355 517 1432 hosti,
535 1356 562 1420 si
579 1366 673 1420 nocte
691 1354 778 1420 abire
796 1355 902 1433 vellet,
920 1366 996 1422 tunc
1013 1377 1141 1440 quoque
1159 1379 1217 1442 per
1233 1378 1306 1442 spe·

285 1450 358 1516 tiem
370 1449 558 1515 immolandi
571 1460 672 1515 terere
686 1449 855 1516 videbatur
868 1461 1004 1537 tempus,
1022 1473 1096 1516 cum
1108 1451 1180 1516 luce
1193 1449 1305 1537 prima,

285 1545 319 1609 sd
331 1544 464 1630 signum
476 1544 676 1630 propositum
688 1567 816 1630 pugnae
830 1545 1012 1610 exeundum
1024 1544 1059 1608 in
1073 1545 1174 1628 aciem
1182 1546 1305 1611 fuisset.

285 1638 370 1706 ertia
387 1638 519 1704 demum
535 1637 615 1704 hora
632 1638 786 1703 sacrificio
803 1638 863 1704 rite
879 1648 1061 1724 perpetrato
1079 1639 1120 1704 ad
1139 1638 1305 1704 consilium
1325 1654 1356 1705 1³

285 1734 421 1810 roravit,
448 1744 544 1817 atque
561 1732 621 1812 ibi,
648 1733 735 1818 quod
751 1732 798 1798 rei
814 1733 975 1819 gerendae
992 1745 1118 1820 tempus
1136 1745 1233 1810 esset,
1259 1733 1307 1797 lo·

285 1830 406 1915 [nendo
425 1840 457 1893 et
474 1828 696 1914 intempestive
709 1828 918 1895 consultando
932 1829 1100 1895 videbatur
1114 1826 1307 1913 quibusdam

285 1923 456 1990 extrahere.
486 1920 559 2009 [..]
570 1945 731 1988 sermones
749 1924 847 1989 talem
861 1923 972 1989 consul
990 1925 1166 1990 orationem
1183 1923 1305 1991 habuit.

339 2016 552 2083 XXXVIII.
572 2017 625 2082 ⁶1³.
635 2017 764 2095 Nasica,
780 2018 929 2104 egregius
944 2017 1141 2097 adulescens,
1156 2041 1196 2085 ex
1205 2019 1307 2084 omui·
1327 2032 1339 2081 1

285 2135 336 2178 >ns
355 2134 443 2177 unus
460 2111 577 2195 quibus
594 2110 743 2178 hesterno
761 2112 812 2177 die
829 2114 967 2199 pugnari
985 2115 1114 2200 placuit,
1132 2113 1306 2180 denudavit
1376 2185 1378 2189 ,

285 2207 355 2272 nihi
370 2228 467 2271 suum
481 2205 657 2283 consilium,
674 2206 760 2272 idem
774 2220 895 2293 postea,
912 2207 959 2273 ita
971 2219 1008 2272 ut
1025 2208 1175 2274 transisse
1188 2209 1222 2273 in
1236 2231 1307 2275 sen-

285 2302 412 2368 entiam
431 2320 536 2365 meam
553 2298 654 2366 videri
670 2313 789 2386 posset,
808 2302 916 2367 tacuit.
960 2302 1152 2386 quibusdam
1174 2303 1232 2368 alfa
1251 2303 1341 2367 ab-2

285 2407 402 2463 rentem
426 2415 556 2480 carpere
583 2394 808 2481 imperatorem
831 2417 928 2481 quam
954 2407 1153 2483 praesentem
1178 2419 1308 2462 monere

285 2490 392 2556 nelius
411 2488 516 2553 visum
535 2499 593 2554 est.
628 2500 661 2554 et
678 2489 746 2566 tibi,
763 2489 803 2557 P.
813 2489 942 2568 Nasica,
960 2500 993 2555 et
1010 2491 1204 2575 quicumque
1220 2491 1306 2555 idem
1326 2504 1341 2552 3

285 2584 366 2668 quod
377 2580 446 2669 [tu]
457 2583 611 2648 occultius
630 2595 806 2660 senserunt,
824 2606 890 2648 non
906 2584 1066 2669 gravabor
1083 2583 1216 2650 reddere
1229 2583 1309 2648 dila·

285 2701 328 2745 ae
342 2699 477 2765 pugnae
492 2677 656 2743 rationem.
682 2700 758 2742 nam
772 2689 897 2743 tantum
910 2678 1011 2756 abest,
1029 2689 1064 2744 ut
1077 2701 1129 2744 me
1142 2677 1309 2745 hesternae
1327 2694 1344 2740 4

285 2773 397 2857 lnietis
415 2772 588 2858 paeniteat,
607 2783 643 2838 ut
660 2783 821 2838 servatum
836 2796 856 2838 a
869 2796 921 2839 me
939 2774 1113 2839 exercitum
1126 2793 1165 2839 ec
1179 2774 1310 2840 consilio

285 2866 421 2934 tredam.
474 2865 507 2929 in
529 2887 594 2950 qua
621 2889 673 2932 me
696 2865 844 2952 opinione
867 2889 936 2933 esse
964 2867 1032 2934 sine
1054 2889 1153 2934 causa
1173 2891 1214 2934 ne
1237 2867 1308 2952 quis

285 2965 425 3028 restrdm
439 2959 557 3036 credat,
574 2972 792 3047 recognoscat,
809 2961 959 3047 agedum,
977 2984 1113 3039 mecum,
1132 2962 1160 3028 si
1173 2962 1308 3037 videtur,

285 3069 379 3139 quam
387 3053 492 3120 multa
500 3077 559 3140 pro
567 3053 658 3121 hoste
668 3067 699 3121 et
708 3056 862 3121 adversus
871 3078 931 3122 nos
939 3056 1067 3123 fuerint.
1094 3054 1342 3121 iamomnium5

285 3151 439 3232 primum,
466 3161 620 3234 quantum
642 3172 775 3217 numero
796 3172 855 3220 nos
877 3163 1052 3239 praestent,
1078 3150 1236 3215 neminem
1254 3170 1309 3214 ve·

285 3251 384 3310 snum
400 3266 463 3309 nec
485 3255 558 3309 ante
579 3245 743 3331 ignorasse
761 3259 793 3313 et
814 3246 963 3312 hesterno
981 3244 1032 3311 die
1055 3244 1246 3330 explicatam
1262 3243 1311 3307 in·

285 3338 401 3404 tuentis
412 3337 514 3403 aciem
524 3339 794 3418 animadvertisse,
804 3339 1049 3406 certumhabeo.
1077 3336 1186 3404 exhac
1201 3348 1312 3402 nostra
1329 3348 1343 3397 6

285 3432 447 3512 paucitate
465 3443 578 3516 quarta
595 3457 670 3520 pars
687 3434 824 3498 militum
841 3434 1000 3520 praesidio
1022 3431 1245 3518 inpedimentis
1262 3453 1312 3497 re-

285 3519 359 3591 licta
376 3534 461 3604 erat,
479 3547 540 3592 nec
556 3528 800 3613 ignavissimum
816 3549 978 3613 quemque
995 3525 1129 3611 relinqui
1148 3526 1189 3590 ad
1207 3537 1312 3592 custo-

285 3613 372 3685 dim
385 3619 583 3685 sarcinarum
595 3622 691 3687 scitis.
719 3623 776 3687 sed
789 3623 944 3688 fuerimus
959 3643 1078 3686 omnes.
1106 3642 1238 3707 parvom
1250 3621 1312 3686 hoo
1331 3633 1344 3680 r

287 3715 417 3782 tandem
435 3736 506 3780 esse
520 3715 688 3794 credimus,
706 3716 793 3802 quod
806 3739 847 3783 ex
864 3716 914 3781 his
928 3715 1050 3792 castris,
1066 3714 1101 3778 in
1118 3714 1235 3799 quibus
1252 3713 1313 3779 hac
1363 3749 1370 3763 ·

287 3819 381 3875 nocte
398 3807 587 3887 mansimus,
605 3811 721 3876 exituri
737 3811 770 3875 in
788 3809 890 3876 aciem
907 3808 1060 3873 hodierno
1077 3819 1134 3872 aut
1153 3829 1313 3872 summum

287 3905 427 3970 crastum
440 3903 503 3981 die,
520 3904 548 3969 si
559 3903 605 3969 ita
618 3904 787 3983 videbitur,
801 3904 861 3969 diis
876 3904 957 3969 bene
971 3902 1166 3980 iuvantibus,
1185 3902 1313 3967 sumus?

288 3999 408 4066 nihilne
425 3998 571 4077 interest,
597 4010 704 4064 utrum
726 3999 873 4076 militem,
900 4020 997 4083 quem
1014 4020 1118 4084 neque
1135 3997 1207 4063 viae
1224 3994 1314 4060 labor
1331 4013 1347 4060 8

289 4084 385 4161 hodie
406 4114 514 4178 neque
531 4095 635 4180 operis
656 4094 851 4181 fatigaverit,
878 4094 1073 4179 requietum,
1099 4093 1258 4177 integrum
1279 4089 1314 4153 in

287 4189 426 4254 tentorio
445 4211 503 4253 suo
521 4211 610 4253 arma
633 4211 747 4275 capere
764 4189 876 4254 iubeas
894 4200 991 4273 atque
1008 4189 1043 4253 in
1065 4187 1166 4253 aciem
1183 4186 1314 4271 plenum

289 4283 421 4361 virium,
449 4281 612 4368 vigentem
628 4295 660 4350 et
678 4304 808 4369 corpore
827 4294 859 4350 et
876 4282 982 4349 animo
1000 4282 1131 4357 educas,
1159 4301 1201 4345 an
1217 4279 1314 4367 longo
1333 4298 1347 4347 a
