3359 5092
528 524 646 582 LIBER
661 523 805 595 XXXXI,
823 524 905 581 9.10.
926 525 1080 597 [α.0.177]
1299 512 1320 578 9

286 684 381 751 nium
404 682 495 748 iussi.
539 682 726 768 priusquam
747 681 894 747 consules
921 682 1101 767 provincias
1125 684 1320 761 sortirentur,
1340 707 1357 752 4

287 778 441 866 prodigia
462 778 609 843 nuntiata
629 787 719 841 eunte
744 775 885 860 lapidem
905 774 938 840 in
961 799 1039 863 agro
1063 774 1271 843 Crustumino
1287 778 1322 843 in

288 874 402 939 lucum
419 872 538 937 Martis
556 871 596 937 de
614 870 702 936 caelo
721 870 888 945 cecidisse,
906 892 1042 956 puerum
1059 873 1163 939 trunci
1181 871 1321 958 corporis
1344 890 1358 934 5

290 968 325 1032 in
341 989 423 1054 agro
442 967 588 1033 Romano
609 974 721 1029 natum
739 975 771 1029 et
789 963 1029 1051 quadrupedem
1047 988 1186 1051 anguem
1205 968 1321 1045 visum,

288 1073 322 1129 et
339 1059 478 1148 Capuae
495 1061 597 1126 multa
616 1059 650 1124 in
667 1058 738 1124 foro
755 1058 901 1125 aedilicia
918 1060 959 1126 de
977 1060 1065 1127 eaelo
1082 1071 1183 1139 taeta,
1206 1074 1238 1128 et
1254 1061 1323 1127 Pu·

286 1157 383 1223 teolis
408 1156 490 1221 duas
511 1178 608 1221 naves
630 1153 773 1221 fulminis
795 1154 862 1220 ictu
879 1166 1095 1221 concrematas
1117 1178 1196 1224 esse.
1240 1156 1356 1223 intere

286 1252 386 1329 haee,
414 1272 499 1337 quae
524 1250 768 1327 nuntiabantur,
794 1251 890 1337 lupus
918 1251 1014 1316 etiam
1035 1252 1158 1318 Romae
1184 1250 1323 1318 interdiu

288 1347 450 1434 agitatus,
475 1367 550 1411 oum
578 1341 705 1410 Collina
730 1355 823 1429 porta
848 1344 1010 1424 intrasset,
1037 1368 1094 1432 per
1120 1345 1322 1431 Esquilinam

288 1462 411 1529 magno
421 1439 671 1505 consectantium
685 1439 825 1504 tumultu
838 1440 948 1506 evasit.
977 1461 1086 1506 eorum
1103 1441 1322 1528 prodigiorum
1342 1455 1355 1503 r

289 1557 390 1602 causa
407 1536 557 1601 consules
573 1533 709 1599 maiores
727 1533 848 1598 hostias
865 1534 1059 1600 inmolarunt
1073 1547 1106 1601 et
1119 1536 1204 1601 diem
1222 1559 1323 1602 unum

291 1631 377 1696 circa
399 1629 512 1695 omnia
536 1627 715 1713 pulvinaria
741 1628 930 1713 supplicatio
952 1628 1022 1694 fuit.
1075 1630 1237 1696 sacrificiis
1262 1630 1356 1699 ritee

291 1724 444 1812 perfectis
468 1722 649 1809 provinciae
673 1722 775 1788 sortiti
797 1733 885 1800 sunt3
913 1721 1049 1788 Claudio
1067 1724 1204 1803 Histria,
1230 1724 1323 1792 Sem·

293 1818 403 1905 pronio
423 1816 574 1884 Sardinia
590 1817 730 1883 obvenit.
773 1818 879 1902 legem
897 1817 971 1882 dein
993 1817 1034 1883 de
1052 1818 1146 1884 sociis
1165 1816 1204 1884 C.
1223 1817 1322 1884 Clau·
1341 1827 1355 1875 9

294 1915 362 1981 dius
379 1912 458 1979 tulit
476 1909 549 1999 [ex]
571 1921 700 1977 senatus
724 1913 868 1977 consulto
887 1924 919 1976 et
936 1912 1050 1989 edixit,
1074 1913 1131 1997 qui
1153 1912 1231 1978 socii
1253 1912 1322 1997 (ac)

294 2008 431 2075 nominis
458 2006 570 2071 Latini
595 2006 658 2092 ipsi
683 2006 861 2072 maioresve
889 2028 1000 2071 eorum
1026 2007 1076 2072 M.
1100 2004 1253 2085 Claudio,
1281 2008 1321 2073 T.

295 2102 451 2187 Quinctio
469 2100 654 2167 censoribus
671 2112 784 2187 postve
807 2123 846 2166 ea
867 2100 955 2186 apud
976 2101 1078 2166 socios
1096 2102 1233 2169 nominis
1254 2102 1322 2168 La·

294 2199 347 2264 tini
370 2195 463 2263 censi
489 2205 609 2272 essent,
634 2205 672 2259 ut
697 2215 807 2260 omnes
828 2194 863 2258 in
889 2217 981 2259 suam
1003 2194 1139 2280 quisque
1161 2195 1322 2263 civitatem

294 2305 365 2359 ante
382 2290 450 2357 kal.
465 2290 666 2356 Novembres
683 2289 832 2355 redirent.
859 2289 1014 2373 quaestio,
1033 2290 1089 2373 qui
1106 2290 1152 2355 ita
1167 2312 1233 2357 non
1250 2291 1322 2358 red·
1343 2299 1373 2347 10

294 2387 405 2463 issent,
428 2385 472 2449 L.
488 2383 651 2449 Mummio
677 2384 815 2470 praetori
839 2383 968 2449 decreta
985 2393 1043 2448 est.
1095 2384 1138 2449 ad
1159 2386 1265 2471 legem
1291 2397 1323 2452 et

293 2483 436 2548 edietum
461 2480 602 2545 consulis
634 2489 762 2545 senatus
789 2478 971 2542 consultum
1002 2476 1162 2543 adiectum
1194 2490 1257 2557 est,
1287 2489 1323 2544 ut
1343 2484 1373 2531 ll

299 2576 450 2652 dictator,
465 2573 591 2651 consul,
608 2573 762 2649 interrex,
780 2593 901 2649 censor,
920 2582 1047 2657 praetor
1064 2572 1120 2657 qui
1136 2594 1223 2638 nunc
1240 2584 1323 2639 esset

301 2667 414 2757 [quive
434 2668 567 2755 posthac
593 2668 720 2732 futurus
747 2664 846 2751 esset]
875 2677 955 2751 aput
982 2687 1092 2731 eorum
1114 2687 1211 2751 quem
1234 2663 1322 2754 [qui]

296 2785 395 2829 marm
407 2761 596 2840 mitteretur,
612 2761 647 2826 in
663 2761 843 2830 libertatem
857 2759 1081 2838 vindicaretur,
1098 2772 1135 2826 ut
1148 2760 1198 2827 ius
1215 2761 1324 2826 iuran-

295 2859 373 2925 dum
391 2856 498 2935 daret,
524 2856 581 2941 qui
598 2877 671 2921 eum
693 2878 792 2921 manu
812 2854 967 2931 mitteret,
994 2854 1129 2920 civitatis
1152 2856 1324 2924 mutandae

295 2976 394 3020 causa
418 2973 519 3016 manu
544 2971 609 3015 non
635 2948 775 3026 mittere3
801 2948 835 3014 in
857 2970 922 3033 quo
943 2947 978 3013 id
998 2969 1064 3014 non
1088 2950 1221 3027 iuraret,
1249 2972 1325 3016 eum

295 3070 394 3114 manu
424 3044 617 3111 mittendum
647 3065 713 3110 non
739 3055 939 3110 censuerunt.
997 3042 1077 3109 haec
1102 3044 1136 3108 in
1162 3055 1325 3130 posterum

297 3152 405 3219 cauta,
427 3139 573 3223 iussique
595 3137 698 3206 edicto
716 3135 756 3204 C.
775 3134 893 3203 Claudi
916 3134 1094 3223 cons.[...]
1115 3134 1251 3202 Claudio
1269 3136 1324 3203 de-

300 3247 382 3302 creta
399 3245 461 3302 est.

358 3330 407 3395 X.
434 3328 529 3393 Dum
541 3327 621 3393 haee
629 3326 753 3393 Romae
770 3337 935 3412 geruntur,
949 3325 998 3389 M.
1009 3324 1122 3389 Iunius
1136 3334 1168 3390 et
1175 3325 1218 3388 A.
1229 3324 1325 3389 Man·
1346 3332 1358 3377 1

303 3423 374 3502 lius,
401 3422 459 3509 qui
484 3421 590 3507 priore
612 3441 695 3486 anno
716 3419 865 3485 'eonsules
891 3419 1033 3496 fuerant,
1060 3439 1134 3484 cum
1155 3418 1325 3503 Aquileiae

305 3517 532 3594 hibernassent,
549 3515 704 3602 principio
721 3515 805 3581 veris
822 3515 856 3579 in
874 3514 946 3579 finis
955 3513 1139 3600 Histrorum
1152 3513 1326 3579 exercitum

308 3611 546 3679 introduxerunt
551 3635 561 3688 3
578 3610 635 3676 ubi
652 3632 725 3675 cum
742 3608 844 3675 effuse
860 3609 1099 3694 popularentur,
1117 3607 1207 3673 dolor
1223 3608 1326 3693 magis
1346 3618 1360 3664 2

313 3717 339 3770 et
350 3704 529 3792 indignatio
542 3703 636 3791 diripi
648 3726 699 3769 res
712 3725 787 3768 suas
803 3713 966 3769 cernentes
975 3702 1113 3778 Histros,
1130 3722 1228 3786 quam
1241 3712 1327 3768 certa

316 3820 375 3884 spes
404 3799 484 3867 satis
515 3799 575 3865 sibi
602 3798 718 3865 virium
750 3798 903 3864 adversus
934 3797 1014 3862 duos
1036 3792 1143 3883 [esse]
1170 3797 1326 3863 exercitus

318 3895 429 3962 excivit.
473 3916 632 3961 concursu
657 3917 698 3960 ex
720 3893 868 3959 omnibus
894 3891 1020 3978 populis
1040 3891 1215 3957 iuventutis
1241 3890 1326 3956 facto
1346 3900 1360 3947 3

285 3987 287 3998 '
320 3991 488 4076 repentinus
504 4000 537 4056 et
553 3988 777 4054 tumultuarius
795 3987 952 4054 exercitus
970 3985 1074 4052 acrius
1091 3986 1193 4071 primo
1215 3985 1326 4070 inpetu

321 4102 401 4165 quam
417 4082 672 4172 perseverantius
690 4083 856 4170 pugnavit
888 4082 930 4148 ad
946 4091 1097 4165 quattuor
1110 4080 1201 4144 milia
1217 4097 1327 4144 eorum
1346 4099 1362 4143 4

323 4171 423 4245 macie
440 4200 551 4255 caesa3
569 4177 667 4244 ceteri
683 4178 799 4243 omisso
817 4177 900 4243 bello
918 4177 953 4242 in
970 4175 1114 4242 civitates
1131 4172 1249 4259 passim
1267 4172 1328 4239 dif-

323 4264 465 4355 fugerunt
509 4270 584 4338 inde
604 4272 726 4359 legatos
748 4271 886 4358 primurn
907 4271 949 4339 ad
971 4290 1084 4356 pacem
1106 4266 1277 4354 petendam
1295 4269 1329 4334 in
