3359 5092
485 529 605 587 amaa
619 530 779 604 xxm,
797 533 840 588 ca
854 533 897 589 52.
917 535 955 602 [a.
965 531 997 589 c.
1006 533 1069 603 171]
1252 517 1292 585 71

285 689 413 756 retrium
435 687 605 754 occiderat.
649 699 681 755 et
707 701 902 756 armatorum
925 689 989 755 duo
1012 690 1100 755 milia
1124 689 1292 758 Gallorum
1311 713 1328 763 7

285 796 365 862 rant,
382 782 546 869 praefecto
561 783 799 869 Asclepiodoto.
826 786 870 850 ab
882 785 1044 850 Heraclea
1061 808 1102 851 ex
1116 784 1218 852 Sintis
1231 787 1293 852 tria

285 880 352 944 uilia
368 878 532 944 Threcum
552 876 727 944 liberorum
744 901 840 944 suum
857 879 973 945 ducem
995 878 1166 946 habebant.
1212 878 1292 947 Gre-

285 974 403 1040 ensium
418 995 479 1059 par
494 994 597 1057 paene
619 995 772 1039 numerus
790 995 865 1039 suos
884 973 982 1039 duces
1000 974 1209 1059 sequebatur,
1228 973 1292 1043 Su-

285 1090 337 1133 um
359 1066 618 1132 Phalasarneum
643 1078 677 1133 et
701 1065 829 1154 Syllum
857 1065 1027 1135 Gnosium.
1071 1081 1105 1135 et
1128 1069 1325 1138 Leonides8

285 1159 540 1227 laoedaemonius
557 1160 740 1247 quingentis
758 1184 799 1227 ex
817 1159 972 1241 Graecia,
994 1164 1090 1228 misto
1106 1165 1217 1250 generi
1233 1164 1292 1230 hc·

285 1255 401 1334 ninum,
423 1266 580 1341 praeerat.
623 1259 694 1342 regi
709 1256 737 1322 is
754 1257 882 1343 generis
900 1257 1073 1334 ferebatur,
1092 1258 1183 1323 exstd
1201 1259 1291 1324 dam·

285 1361 358 1416 utus
383 1348 545 1434 frequenti
565 1350 699 1416 concilio
720 1352 944 1429 Achaeorum,
969 1351 1083 1418 litteris
1106 1353 1148 1418 ad
1168 1353 1289 1418 Peraea

285 1443 438 1531 deprensis.
480 1445 673 1511 Aetolorum
690 1457 723 1511 et
738 1446 946 1524 Boeotorum,
964 1447 1021 1531 qui
1036 1470 1101 1513 non
1118 1449 1290 1534 explebant
1307 1466 1323 1514 9

285 1538 338 1622 plus
350 1560 448 1623 quam
459 1538 707 1625 quingentorum
721 1562 832 1606 omnes
844 1564 1023 1620 numerum,
1037 1541 1129 1627 Lyco
1138 1542 1290 1609 Achaeus

285 1632 444 1716 praefectus
457 1643 535 1697 erat.
563 1656 604 1699 ex
616 1633 666 1699 his
680 1634 789 1700 mixtis
801 1646 849 1699 tot
861 1635 1064 1721 populorum,
1082 1647 1130 1702 tot
1145 1637 1291 1723 gentium

285 1726 389 1792 auxiliis
411 1727 581 1792 duodecim
607 1728 695 1793 milia
721 1740 916 1794 armatorum
938 1729 1038 1795 ferme
1060 1730 1289 1796 efficiebantur.

285 1821 407 1903 equitum
424 1842 465 1885 ex
481 1831 549 1886 tota
565 1821 761 1888 Macedonia
777 1833 979 1890 contraxerat
996 1821 1088 1911 [tria]
1106 1824 1203 1890 milia.
1234 1847 1290 1891 ve·
1309 1843 1341 1891 10

285 1926 356 1980 uerat
371 1915 484 1981 eodem
502 1912 603 2001 Cotys
622 1916 753 1983 Seuthis
769 1917 865 1995 filius,
883 1941 940 1983 rex
957 1918 1062 2004 gentis
1077 1916 1288 2005 Odrysarum,

285 2027 340 2073 aum
354 2010 440 2075 mille
454 2009 584 2075 delectis
598 2011 768 2095 equitibus,
786 2011 857 2097 pari
873 2010 974 2078 ferme
986 2012 1132 2098 peditum
1145 2036 1288 2079 numero.

285 2100 451 2169 lasumma
466 2104 565 2169 totius
581 2107 739 2172 exercitus
756 2106 1056 2192 undequadraginta
1065 2105 1183 2195 [milia]
1198 2107 1288 2193 pedi·
1307 2123 1337 2171 11

285 2205 334 2262 tum
350 2209 449 2275 erant,
467 2209 618 2283 quattuor
633 2199 787 2284 equitum.
823 2200 901 2265 satis
919 2200 1094 2278 constabat,
1112 2202 1289 2267 secundum

285 2311 339 2355 eun
358 2292 534 2368 exercitum
555 2314 652 2377 quem
674 2317 810 2379 magnus
827 2294 1015 2360 Alexander
1036 2296 1071 2361 in
1087 2296 1203 2360 Asiam
1224 2306 1289 2360 tra·

285 2381 552 2545 &numquam
576 2387 673 2455 ullius
694 2388 914 2454 Macedonum
939 2390 1024 2475 regis
1050 2388 1158 2475 copias
1184 2400 1288 2456 tantas

328 2574 402 2639 LII.
431 2572 549 2640 Sextus
575 2586 607 2641 et
633 2574 804 2640 vicesimus
830 2598 934 2640 annus
960 2574 1130 2661 agebatur,
1157 2598 1198 2641 ex
1224 2594 1322 2660 quor

285 2669 382 2752 ¹retenti
389 2670 541 2755 Philippo
550 2670 626 2735 data
638 2693 703 2757 pax
716 2681 785 2736 erat
789 2695 799 2747 3
816 2692 874 2756 per
887 2670 922 2735 id
931 2691 1025 2735 omne
1039 2681 1166 2755 tempus
1179 2669 1288 2754 quieta
1306 2686 1322 2735 2

285 2762 456 2830 llacedonia
473 2775 505 2830 et
520 2764 708 2851 progeniem
722 2764 875 2840 ediderat,
894 2763 984 2829 cuius
997 2785 1115 2850 magna
1131 2786 1206 2850 pars
1220 2787 1289 2829 ma·

285 2879 336 2924 ora
350 2859 482 2924 militiae
500 2869 598 2935 esset,
616 2870 649 2925 et
664 2859 789 2925 levibus
806 2859 898 2924 bellis
917 2857 1081 2924 Thracum
1098 2860 1288 2933 accolarum,

285 2975 345 3037 prae
362 2964 548 3019 exercerent
564 2953 668 3040 magis
685 2975 783 3038 quam
799 2954 987 3039 fatigarent,
1011 2953 1072 3018 suh
1090 2953 1224 3018 adsidua
1241 2964 1289 3018 ta·

285 3070 338 3113 nen
360 3048 475 3113 militia
500 3047 614 3114 firerat.
659 3059 692 3114 et
717 3048 773 3113 diu
795 3048 983 3114 meditatum
1003 3046 1154 3134 Philippo
1175 3048 1288 3133 primo,
1306 3062 1322 3110 3

285 3141 376 3208 lcinde
402 3152 436 3207 et
460 3142 573 3208 Persei
594 3142 777 3208 Romanum
803 3142 924 3207 bellum
950 3141 1058 3207 omnia
1078 3153 1116 3206 ut
1134 3141 1290 3206 instructa

285 3248 438 3320 arctaque
459 3247 566 3301 essent
592 3235 750 3302 effecerat.
793 3247 881 3302 mota
901 3256 1075 3322 parumper
1099 3234 1198 3310 acies,
1223 3251 1322 3299 nona

285 3343 346 3397 rato
359 3330 498 3396 decursu
515 3340 632 3408 tamen,
648 3353 690 3396 ne
704 3330 829 3396 stetisse
843 3332 968 3395 tantum
985 3329 1019 3393 in
1033 3327 1129 3393 armis
1143 3326 1289 3393 videren-

285 3449 329 3503 ur,
345 3461 390 3472 -
406 3433 623 3509 armatosque,
649 3424 732 3490 sicut
757 3435 862 3501 erant,
889 3424 930 3488 ad
952 3422 1131 3489 contionem
1152 3423 1289 3489 vocavit

285 3543 330 3604 ¹rae
355 3518 498 3586 constitit
522 3518 557 3583 in
582 3518 749 3597 tribunali,
775 3518 860 3584 cirea
886 3540 920 3583 se
945 3516 1068 3583 habens
1093 3515 1175 3582 filios
1198 3516 1323 3594 duos,5

285 3612 352 3678 uius
360 3612 447 3698 paris
456 3611 626 3698 Philippus
634 3624 748 3676 natura
761 3612 870 3689 frater,
885 3610 1054 3695 adoptione
1069 3610 1163 3689 filius,
1176 3609 1290 3688 minor,

285 3731 358 3773 uem
367 3705 592 3772 Alexandrum
601 3705 770 3784 vocabant,
787 3705 940 3771 naturalis
950 3715 1026 3771 erat
1050 3704 1232 3771 cohortatus
1241 3714 1291 3769 est
1308 3722 1323 3770 a

285 3802 379 3867 ailites
388 3801 431 3866 ad
445 3801 574 3877 bellum,
584 3800 733 3866 iniuriam
746 3799 858 3886 populi
865 3798 1005 3864 Romani
1017 3798 1182 3884 inpetrem
1192 3818 1290 3882 seque
1338 3881 1342 3887 .

285 3895 528 3962 onmemoravitr
554 3895 645 3960 illum
666 3894 815 3960 omnibus
835 3892 1078 3979 indignitatibus
1096 3893 1320 3978 conpulsumr

285 3992 305 4056 d
324 3990 561 4068 rebellandum,
586 3990 669 4056 inter
692 3999 880 4076 apparatum
901 3988 979 4054 belli
999 3988 1065 4054 fato
1088 4007 1289 4073 oppressum,

284 4085 306 4150 d
322 4108 357 4152 se
375 4085 473 4150 simul
492 4085 631 4170 legatos,
653 4084 749 4150 simul
769 4082 884 4148 milites
907 4083 950 4148 ad
966 4081 1169 4166 occupandas
1187 4074 1291 4143 Grae·

285 4179 332 4245 iae
353 4179 452 4245 urbes
479 4179 603 4244 missos.
651 4176 757 4243 fallaci
781 4176 856 4242 dein
878 4175 1046 4261 conloquio
1072 4196 1130 4258 per
1151 4169 1290 4256 speciem
1308 4190 1325 4239 8

285 4273 517 4340 aconciliandae
543 4274 631 4359 pacis
657 4283 830 4340 extractam
857 4271 1009 4348 hiemem,
1028 4273 1071 4334 'ut
1097 4277 1223 4353 tempus
1249 4266 1292 4332 ad
