3359 5092
476 388 1081 462 mauaxxxxr,aa.[a.c.1ra1u]
1273 380 1292 445 7

260 548 409 616 ciusdem
424 547 564 634 regionis
573 546 728 633 Hispanis
742 547 959 633 triumphavit.
986 550 1199 636 quadraginta
1209 549 1297 616 milia

262 644 373 731 pondo
392 642 518 728 argenti
532 640 582 706 ui.
595 640 763 708 Gracchus
782 642 954 721 transtulit,
972 643 1086 729 viginti
1103 645 1192 710 milia
1203 644 1298 710 Albi-

263 761 333 803 nus.
379 736 535 801 militibus
562 735 708 801 denarios
735 735 850 820 quinos
874 735 1019 815 vicenos,
1046 738 1164 824 duplex
1187 750 1331 809 centu-t

262 832 361 912 rioni,
389 831 506 917 triplex
529 830 628 914 equiti
651 830 745 896 ambo
771 829 961 910 divisemnt,
988 832 1081 897 sociis
1098 834 1297 900 tantumdem

262 937 422 1012 quantum
438 925 603 992 Romanis.

326 1021 396 1087 Per
417 1019 548 1088 eosdem
569 1018 651 1084 forte
674 1019 742 1084 dies
764 1017 814 1083 Μ.
836 1018 950 1084 Iunius
972 1021 1083 1086 consul
1105 1044 1147 1088 ex
1171 1021 1330 1091 Histrias
1438 1079 1442 1084 .

262 1116 466 1182 comitiorum
494 1136 591 1180 causa
612 1113 750 1179 Romam
776 1114 874 1181 venit.
923 1137 996 1180 eum
1024 1136 1098 1181 oum
1122 1115 1157 1180 in
1183 1127 1330 1185 senatus

262 1211 456 1296 fatigassent
479 1208 780 1294 interrogationibus
811 1208 932 1274 tribuni
957 1209 1060 1295 plebis
1087 1209 1237 1296 Papirius
1265 1223 1297 1277 et

263 1304 413 1371 Licinius
432 1303 473 1369 de
487 1302 547 1379 his,
566 1324 649 1387 quac
666 1302 833 1369 inHistria
847 1314 953 1369 essent
968 1315 1050 1382 acta,
1067 1304 1102 1370 in
1116 1305 1296 1371 contionem

261 1421 394 1485 quoque
415 1397 644 1484 produxerunt.
690 1396 836 1481 adquae
858 1420 932 1463 cum
955 1400 1066 1464 consul
1089 1421 1124 1465 se
1141 1399 1209 1465 dies
1231 1422 1296 1464 non
1314 1417 1330 1467 6

262 1496 334 1580 plus
353 1492 509 1559 undecim
525 1492 559 1556 in
577 1514 616 1557 ea
632 1491 798 1576 provincia
815 1492 916 1559 fuisse
928 1493 1145 1579 responderet,
1164 1515 1294 1578 quaese

214 1623 216 1628 ·
264 1588 398 1654 absente
416 1596 489 1652 acta
507 1595 627 1661 essent,
649 1608 684 1651 se
702 1607 844 1670 quoque,
866 1597 903 1651 ut
920 1586 990 1652 illos
996 1634 1006 1664 ,
1029 1587 1117 1652 fama
1134 1600 1296 1674 comperta

263 1682 400 1760 habere,
425 1680 683 1763 exsequebantur
704 1680 819 1747 deinde
841 1692 1047 1765 quaerentes,
1070 1682 1147 1766 quid
1169 1683 1214 1748 ita
1230 1703 1328 1748 nous

263 1778 368 1864 potius
387 1775 586 1840 A.Maalius
600 1775 739 1841 Romam
756 1776 905 1853 venisset,
923 1787 960 1841 ut
977 1776 1131 1842 rationem
1149 1777 1297 1844 redderet

264 1873 385 1960 populo
404 1870 567 1947 Romano,
590 1890 647 1935 cur
665 1892 705 1936 ex
724 1868 833 1937 Galha
850 1871 1028 1957 provincia,
1051 1892 1149 1955 quam
1166 1872 1295 1938 sortitus

264 1978 362 2045 esset,
385 1965 422 2030 in
439 1964 597 2029 Histriam
618 1964 798 2042 transisset,
820 1965 950 2049 quando
972 1965 1006 2030 id
1029 1965 1149 2031 bellum
1166 1976 1295 2032 senatus
1313 1983 1329 2032 8

264 2061 470 2137 decrevisset,
487 2060 617 2143 quando
629 2059 664 2123 id
676 2059 796 2124 bellum
809 2062 948 2146 populus
958 2060 1123 2126 Romanus
1140 2060 1293 2127 iussisset.

264 2169 295 2223 at
320 2154 454 2222 hercule
485 2152 609 2239 privato
636 2153 766 2238 quidem
797 2152 928 2218 consilio
961 2154 1082 2219 bellum
1113 2165 1296 2242 susceptum

265 2274 349 2328 esse,
376 2248 435 2315 sed
462 2258 590 2333 gestum
615 2247 789 2333 prudenter
815 2248 1013 2332 fortiterque.
1063 2248 1161 2312 immo
1187 2261 1328 2315 utrumc

265 2353 450 2429 susceptum
468 2341 510 2407 sit
527 2341 663 2426 nequius
687 2365 728 2406 an
749 2341 959 2407 inconsultius
982 2352 1124 2426 gestum,
1150 2341 1214 2406 dici
1230 2363 1295 2407 non

268 2459 376 2523 posse.
410 2436 560 2502 ustiones
578 2435 659 2501 duas
676 2435 904 2522 necopinantes
922 2436 963 2500 ab
978 2435 1098 2501 Histris
1116 2456 1295 2521 oppressas,

271 2542 376 2596 eastra
391 2530 536 2598 Romana
559 2541 666 2618 capta,
692 2531 779 2615 quod
801 2530 960 2615 peditum,
987 2530 1075 2615 quod
1097 2529 1241 2615 equitum
1261 2530 1296 2594 in

268 2626 378 2692 castris
403 2624 510 2692 fuerit.
564 2635 685 2691 ceteros
715 2625 853 2691 inermes
884 2625 1052 2710 fusosque,
1084 2637 1158 2691 ante
1185 2643 1347 2692 omnes1o

264 2721 430 2787 consulem
450 2720 572 2806 ipsum,
599 2720 642 2785 ad
662 2742 751 2786 mare
774 2742 812 2785 ac
833 2742 933 2785 naves
956 2720 1087 2806 fugisse.
1135 2719 1296 2805 privatum

262 2816 423 2882 rationem
438 2814 638 2880 redditurum
660 2837 771 2881 earum
787 2838 895 2880 rerum
913 2837 998 2893 esse,
1016 2815 1168 2900 quoniam
1185 2814 1296 2881 consul

262 2911 430 2975 noluisset

326 3004 427 3071 VIII.
462 3001 601 3069 Comitia
632 3004 748 3069 deinde
778 3003 898 3069 habita.
952 3003 1098 3069 consules
1132 3001 1229 3067 creati
1256 3000 1328 3067 O.1

269 3097 426 3165 Claudius
443 3096 595 3176 Pulcher,
613 3098 663 3163 Ti.
675 3096 884 3184 Sempronius
904 3096 1081 3164 Gracchus.
1121 3108 1151 3162 et
1169 3106 1296 3181 postero

269 3193 315 3259 die
331 3202 500 3280 praetores
518 3192 596 3258 facti
608 3191 648 3258 P.
658 3194 772 3258 Aelius
780 3192 911 3258 Tubero
929 3190 1055 3268 iterum,
1074 3187 1295 3271 C.Quiuctius

268 3288 486 3365 Flamininus,
505 3285 544 3354 C.
563 3287 744 3365 Numisius,
766 3288 808 3353 L.
825 3286 1020 3364 Mummius,
1045 3283 1106 3352 Cn.
1127 3282 1295 3351 Cornelius

272 3379 392 3469 Scipio,
418 3379 459 3447 O.
477 3380 626 3449 Valerius
644 3381 819 3448 Laevinus.
868 3380 1031 3446 Tuberoni
1044 3380 1177 3445 'urbana
1202 3379 1296 3444 iuris-
1315 3394 1330 3441 2

274 3476 373 3552 dictio,
393 3474 548 3558 Quinctio
565 3477 734 3563 peregrina
752 3475 867 3555 evenit,
885 3474 1032 3541 Numisio
1048 3472 1168 3552 Sicilia,
1186 3474 1296 3539 Mum-

276 3572 331 3636 mio
355 3569 522 3650 Sardinia;
549 3571 606 3636 sed
631 3594 669 3637 ea
695 3583 825 3658 propter
851 3570 926 3637 belli
948 3569 1200 3656 magnitudinem
1222 3590 1296 3655 pro·

214 3605 230 3746 l
278 3665 373 3731 vincia
391 3664 568 3731 consularis
586 3666 681 3732 facta.
715 3664 882 3732 Gracchus
896 3687 968 3730 eam
983 3664 1121 3741 sortitur,
1139 3663 1296 3728 Histriam
1315 3677 1330 3725 8

214 3751 236 3851 l
282 3754 438 3826 Claudius.
485 3758 594 3847 Scipio
618 3772 651 3826 et
667 3760 831 3826 Laevinus
850 3758 990 3826 Galliam
1012 3759 1046 3823 in
1063 3758 1144 3824 duas
1162 3757 1296 3822 divisam

282 3855 451 3937 provincias
471 3854 571 3920 sortiti
589 3867 673 3921 sunt..
708 3855 815 3920 idibus
832 3853 975 3934 Martiis,
993 3875 1057 3939 quo
1075 3854 1126 3919 die
1146 3850 1296 3937 Sempro-
1314 3865 1331 3912 4

214 3997 229 4038 .·
282 3948 342 4015 nius
357 3946 578 4035 Claudiusque
596 3952 796 4016 consulatum
813 3950 960 4027 inienmt,
977 3948 1096 4015 mentio
1115 3958 1240 4013 tantum
1257 3944 1297 4011 de

283 4045 443 4125 provinciis
464 4042 613 4111 Sardinia
629 4045 816 4130 Histriaque
833 4055 865 4110 et
881 4045 1047 4129 utriusque
1064 4039 1208 4107 hostibus
1225 4038 1297 4116 fuit,

215 4213 219 4220 Ι
283 4138 387 4218 quiin
412 4139 464 4204 his
490 4139 660 4226 provinciis
687 4140 806 4206 bellum
833 4140 1052 4206 concivissent.
1096 4146 1223 4223 postero
1244 4133 1331 4199 dieo
