3359 5092
490 533 608 590 nunu
623 533 780 604 xxxxv,
798 533 844 588 cc.
856 534 899 589 eu
918 539 958 601 [a.
968 533 1000 590 c.
1010 536 1073 608 167]
1233 522 1297 590 173

285 695 293 759 i
310 694 367 759 alii
383 692 566 779 principum
582 702 762 756 nostrorum
777 692 880 770 vohis,
898 692 953 756 clii
969 693 1039 778 regi
1055 692 1214 773 faverunt,
1232 717 1297 762 non
1315 717 1331 767 5

285 792 411 868 ostulo,
436 801 475 854 ut
491 800 623 875 propter
639 809 713 866 nos,
740 787 796 872 qui
813 788 953 874 partium
970 799 1148 854 vestrarum
1165 790 1297 870 fuimus,

285 889 351 975 egis
370 887 513 952 fautores
531 886 611 951 salvi
635 885 711 961 sint,
737 884 817 950 illud
840 884 1008 971 deprecor,
1034 906 1076 950 ne
1092 907 1151 951 nos
1168 898 1299 972 propter

285 984 337 1048 llos
355 1002 535 1068 pereamus.
579 1002 644 1044 non
662 979 737 1045 estis
755 1001 813 1045 vos
829 979 892 1044 illis
909 979 1089 1046 infestiores
1107 1001 1204 1063 quam
1222 982 1299 1048 civi·
1317 1000 1332 1048 s

285 1101 317 1143 cs
333 1077 419 1162 ipsa3
447 1086 480 1140 st
496 1074 558 1139 hoc
575 1074 653 1158 quia
675 1074 833 1152 sciebant,
859 1075 1003 1160 plerique
1020 1095 1130 1141 eorum
1148 1085 1204 1140 sut
1225 1098 1299 1161 pro·

285 1171 421 1258 'ugerunt
444 1180 499 1234 aut
520 1179 656 1234 mortem
678 1168 739 1233 sibi
763 1168 995 1234 consciverunt
1039 1168 1092 1233 alii
1116 1169 1256 1234 dumneti
1279 1194 1299 1234 a

285 1266 360 1330 robis
379 1265 412 1328 in
435 1273 592 1349 potestate
610 1273 843 1340 restructum,
861 1273 969 1348 patres
987 1263 1167 1349 conscripti.
1203 1263 1299 1329 ceteri
1318 1284 1332 1330 7

285 1359 388 1425 Rhodii
406 1359 487 1423 sicut
503 1358 641 1444 gratiam
653 1357 774 1423 nullam
791 1357 898 1422 meriti
915 1357 977 1422 hoc
994 1357 1089 1434 bello,
1107 1358 1152 1422 its
1165 1380 1207 1423 ne
1224 1380 1300 1443 poe-

285 1477 344 1520 uun
365 1453 496 1538 quidem
521 1475 643 1517 sumus.
691 1452 835 1538 priorum
856 1463 1037 1518 nostrorum
1058 1453 1300 1520 benefactorum

285 1549 416 1614 urmulus
434 1548 505 1625 hoc,
523 1546 611 1631 quod
627 1570 714 1613 nunc
732 1558 892 1614 cessatum
909 1547 943 1613 in
961 1547 1067 1614 officio
1085 1560 1143 1627 est,
1162 1549 1298 1634 expleat

285 1664 345 1708 cum
360 1643 464 1707 tribus
478 1642 609 1728 regibus
627 1642 771 1728 gessistis
789 1642 874 1707 bella
890 1664 949 1728 per
961 1643 1020 1708 hos
1034 1665 1148 1720 annos3
1166 1666 1208 1709 ne
1225 1642 1298 1729 plus
1316 1659 1333 1707 s

285 1738 353 1802 >brit
368 1736 462 1801 nobis
480 1736 567 1820 quod
583 1758 649 1801 uno
666 1736 750 1802 bello
767 1736 979 1815 cessavimus,
1000 1757 1098 1821 quam
1115 1738 1203 1822 quod
1220 1737 1300 1802 duo-

285 1832 332 1897 hus
344 1832 437 1898 hellis
451 1854 509 1918 pro
523 1832 614 1896 vobis
628 1832 853 1918 pugnavimus.
880 1831 1077 1919 Philippum,
1091 1832 1299 1910 Antiochum,
1318 1850 1333 1900 9

285 1927 390 1994 Perses
407 1938 572 2012 tamquam
593 1927 650 1992 tris
672 1927 845 1993 sententias
862 1927 986 2013 ponite;
1010 1926 1093 1994 duae
1116 1949 1175 1994 nos
1193 1928 1299 1994 absol-

285 2035 364 2099 mnt,
389 2045 456 2086 uns
482 2021 580 2086 dubie
605 2031 667 2097 est,
694 2032 728 2088 et
748 2021 878 2107 gravior
903 2021 964 2087 sit?
988 2022 1035 2087 illi
1057 2022 1097 2088 de
1123 2022 1216 2088 nobis
1242 2019 1297 2108 []

285 2117 461 2192 iudicarent,
484 2116 626 2180 damnati
644 2139 796 2182 essemus.
839 2138 897 2182 vos
914 2116 1076 2194 iudicetis,
1098 2128 1206 2203 patres
1224 2138 1300 2182 con-

285 2210 393 2296 eripti,
421 2210 461 2274 sit
482 2210 618 2276 Rhodus
643 2211 678 2274 in
699 2211 792 2276 terris
814 2232 857 2274 sn
882 2210 1026 2276 funditus
1049 2211 1208 2289 deleatur3
1234 2233 1300 2277 non
1319 2230 1351 2279 ιο

285 2306 355 2372 mim
373 2306 414 2371 de
432 2305 516 2371 hello
535 2305 727 2383 deliberatis,
745 2316 853 2392 patres
871 2306 1058 2392 conscripti,
1077 2306 1165 2390 quod
1181 2305 1300 2373 inferre

285 2402 411 2487 potestis,
429 2423 540 2487 gerere
553 2422 619 2466 non
635 2401 778 2487 potestis,
797 2423 870 2466 cum
890 2421 984 2466 nemo
993 2400 1193 2466 Rhodiorum
1210 2424 1300 2466 arms

285 2495 422 2563 sdversus
441 2518 498 2561 vos
515 2497 637 2561 loturus
657 2493 741 2583 [sitl.
785 2496 812 2561 si
829 2495 1074 2581 perseverabitis
1091 2496 1124 2560 in
1142 2495 1200 2574 irs,
1218 2507 1299 2562 tem·
1317 2515 1348 2564 11

285 2613 332 2677 pus
347 2616 367 2657 a
385 2591 477 2656 vohis
494 2601 650 2676 petemus,
667 2611 732 2674 quo
749 2590 833 2656 hanc
850 2590 1011 2657 funestam
1032 2590 1225 2676 legationem
1243 2589 1300 2655 do-

285 2707 358 2751 num
375 2686 569 2764 referamus3
591 2685 699 2751 omniu
719 2685 820 2751 libera
842 2685 962 2771 cupite,
984 2685 1141 2769 quidquid
1157 2685 1300 2751 Rhodio-

285 2801 341 2845 rum
360 2780 716 2853 virorum‚feminsrum
738 2790 801 2857 est,
827 2802 903 2845 cum
926 2780 1013 2846 omni
1034 2779 1171 2866 pecunie
1191 2791 1300 2846 nostra

285 2897 369 2943 naves
388 2876 639 2941 conscendemus
656 2898 695 2940 sc
711 2874 828 2940 relictis
851 2875 1020 2960 penatibus
1037 2874 1174 2962 publicis
1192 2875 1300 2961 priva·
1319 2893 1350 2943 12

285 2969 374 3054 h'sque
392 2970 530 3035 Romam
548 2971 712 3035 veniemus
730 2981 763 3035 et
779 2971 867 3035 omni
889 2992 967 3036 auro
986 2981 1018 3036 et
1035 2982 1184 3056 argento,
1207 2969 1300 3053 quid-

285 3064 349 3148 quid
358 3063 491 3151 publici,
505 3061 694 3150 quid[quid]
703 3064 819 3150 privati
832 3074 891 3142 est,
905 3065 940 3128 in
948 3064 1086 3140 comitio,
1100 3064 1134 3128 in
1142 3063 1299 3128 vestibulo

285 3160 378 3226 ocriae
396 3170 523 3225 vestrae
540 3160 713 3235 cumulato,
731 3181 866 3246 corpora
883 3170 993 3226 nostra
1006 3158 1242 3243 coniugumque
1260 3178 1299 3221 co

285 3249 447 3319 liberorum
454 3264 580 3319 vestrae
593 3253 744 3339 potestati
756 3254 986 3339 permittemus,
999 3252 1051 3317 hic
1065 3251 1190 3337 passuri
1199 3251 1301 3335 quod·

285 3365 409 3432 comque
434 3348 619 3434 patiendum
647 3348 720 3425 erit3
752 3350 864 3434 procul
890 3348 932 3414 ab
958 3347 1057 3412 oculis
1082 3345 1198 3411 nostris
1223 3345 1300 3411 urbs
1320 3362 1351 3412 18

285 3453 381 3508 nostre
394 3442 571 3528 diripiatur,
589 3442 786 3508 incendatur.
813 3442 913 3508 hostis
923 3441 1067 3508 Rhodios
1079 3463 1149 3507 esse
1162 3439 1300 3505 Romani
1319 3459 1352 3507 14

285 3534 413 3603 iudicare
431 3548 579 3623 possunt3
601 3549 776 3604 esttamen
793 3550 826 3603 et
842 3549 988 3603 nostrum
1005 3534 1134 3619 aliquod
1151 3535 1191 3601 de
1207 3535 1301 3601 nohis

285 3628 442 3710 indicium,
468 3633 556 3716 quod
580 3655 757 3717 numquam
777 3632 992 3698 iudicabimus
1011 3651 1069 3695 nos
1095 3641 1217 3696 vestros
1243 3630 1300 3696 ho-

287 3726 347 3804 stis,
376 3750 438 3793 nec
464 3727 638 3812 quicquam
663 3727 792 3806 hostile,
825 3727 921 3793 etiam
947 3727 974 3792 si
1000 3726 1107 3791 omnis
1131 3726 1300 3812 patiemur,

285 3819 449 3890 tacemus!

338 3918 457 3986 XXV.
488 3916 675 3984 Secundum
700 3919 798 3983 telem
823 3916 1009 3984 orationem·
1024 3915 1166 3982 universi
1191 3931 1333 3979 rursust

285 4014 493 4096 prociderunt,
509 4035 679 4098 remosque
697 4013 786 4079 oleae
804 4012 964 4099 supphces
981 4011 1150 4087 iactantes,
1173 4008 1302 4074 tandem

285 4108 404 4173 excitati
430 4107 520 4174 curis
544 4118 758 4174 excesserunt.
811 4118 889 4173 tunc
914 4106 1088 4174 sententiae
1112 4101 1301 4187 interrogari

285 4212 418 4288 coeptae.
460 4202 658 4269 infestissimi
674 4202 808 4268 Rhodiis
826 4212 918 4268 erant
939 4201 995 4285 qui
1013 4198 1158 4266 consules
1174 4205 1302 4282 praeto·
1320 4215 1335 4264 2

285 4315 367 4364 resve
376 4308 433 4363 sut
444 4297 543 4384 legati
554 4306 719 4384 gesserant
731 4296 967 4364 inMsoedonia
979 4295 1108 4362 bellum.
1130 4292 1303 4379 plurimum
