3359 5092
471 535 588 593 maxa
604 535 761 606 xxxxv,
781 535 892 591 13-15.
912 541 952 603 [a.
962 535 993 592 o.
1003 535 1066 607 1ea]
1223 515 1289 591 '163

263 697 402 765 lederint
419 718 499 762 esse.
544 717 669 760 sumere
692 693 802 778 itaque
820 716 875 760 eos
893 695 934 761 de
952 719 1002 774 se,
1020 718 1085 761 non
1102 718 1216 783 rogare
1235 719 1288 763 ae·
1308 718 1338 766 16

263 815 354 878 quom
372 813 455 868 esse,
472 810 577 873 neque
595 812 700 856 emere
719 811 758 855 ea
775 812 816 856 ex
832 789 991 855 fructibus
1008 790 1077 875 agri
1096 792 1137 856 ab
1154 815 1190 857 se
1208 793 1284 870 dati,

263 909 338 972 qnae
356 886 405 950 ibi
420 886 541 971 populo
558 885 704 950 Romano
722 886 921 970 proveniant.
948 884 982 949 id
998 885 1192 952 Masinissae
1210 887 1286 952 satis

263 979 478 1056 assertore,
505 979 593 1063 quod
620 981 739 1065 populo
761 981 908 1046 Romano
932 991 1121 1066 superesset.
1153 1003 1227 1047 cum
1248 983 1286 1048 iis
1307 1002 1337 1049 rr

263 1073 417 1140 mandatis
439 1097 459 1138 a
479 1084 571 1161 patre
596 1075 777 1161 proiectum
803 1087 915 1161 postea
940 1086 1127 1141 consecutos
1154 1076 1288 1160 equites,

263 1171 311 1256 qui
329 1168 491 1236 devictam
507 1169 734 1234 Macedoniam
751 1170 934 1236 nuntiarent
955 1171 1216 1257 gratulatumque
1238 1193 1288 1237 se·

263 1265 345 1330 natui
362 1264 511 1330 iuberent
523 1263 675 1341 indicare,
688 1275 796 1331 tantae
810 1288 882 1330 eam
895 1288 964 1330 rem
980 1265 1118 1331 laetitiae
1133 1265 1216 1352 patri
1229 1287 1288 1331 suo

263 1381 341 1436 esse,
362 1371 403 1425 ut
420 1359 558 1424 Romam
580 1359 688 1426 venire
707 1359 785 1425 velit
801 1360 937 1444 Iovique
960 1360 1079 1446 optimo
1096 1360 1238 1425 maximo
1255 1361 1288 1425 in

263 1451 420 1542 Capitolio
442 1454 621 1521 sacrificare
639 1466 671 1522 et
692 1467 800 1542 grates
823 1478 918 1542 agere
925 1480 934 1535 3
961 1456 1010 1534 id,
1038 1455 1099 1521 nisi
1116 1456 1287 1521 molestum

263 1550 307 1628 ait,
323 1563 361 1615 ut
379 1549 411 1615 ei
428 1550 629 1635 permittatur
646 1550 687 1616 ab
706 1562 818 1616 senatu
836 1561 954 1637 petere.

318 1646 442 1711 XIIII.
468 1646 672 1732 Responsum
683 1648 795 1733 regulo
805 1658 864 1725 est,
879 1648 984 1713 facere
997 1657 1121 1733 patrem
1135 1647 1203 1713 eius
1213 1647 1288 1711 Ma·
1308 1663 1320 1709 1

263 1740 406 1806 sinissam
427 1742 516 1826 quod
538 1742 642 1806 virum
667 1752 796 1828 gratum
821 1742 1004 1826 bonumque
1031 1741 1138 1807 facere
1165 1741 1287 1819 deceat,

263 1847 294 1902 st
308 1835 450 1923 pretium
466 1835 684 1919 honoremque
702 1836 809 1901 debito
827 1836 982 1901 beneficio
1000 1836 1110 1901 addat:
1135 1848 1168 1901 et
1184 1857 1288 1922 popu·
1306 1853 1321 1900 2

263 1941 322 1996 urm
338 1929 525 1995 Romanum
547 1931 588 1994 ab
612 1952 650 1995 eo
669 1930 752 1996 bello
769 1931 896 1997 Punico
918 1930 994 1996 forti
1017 1931 1167 2015 fidelique
1191 1952 1288 2016 opera

263 2025 418 2100 adiutum,
442 2036 473 2089 et
496 2025 587 2089 illum
604 2025 733 2091 favente
755 2028 875 2112 populo
893 2027 1040 2092 Romano
1058 2049 1196 2113 regnum
1213 2025 1288 2091 ade-

263 2131 362 2206 ptnm3
390 2141 494 2203 aeque
516 2119 612 2185 tantis
636 2132 747 2207 postea
769 2122 866 2186 trium
888 2144 1002 2207 regum
1024 2121 1114 2186 bellis
1138 2121 1288 2205 deinceps

263 2215 407 2280 »mnibus
426 2237 500 2279 eum
517 2214 664 2280 functum
682 2216 806 2281 officiis.
851 2217 983 2282 victoria
1000 2238 1076 2281 vero
1094 2215 1205 2302 populi
1222 2215 1289 2281 Ro·
1306 2229 1322 2279 t

263 2311 344 2376 nani
360 2309 476 2374 laetari
490 2332 564 2374 eum
582 2332 691 2396 regem
708 2311 823 2375 mirum
838 2333 905 2375 non
922 2333 1002 2387 esse,
1019 2310 1075 2393 qui
1089 2323 1207 2375 sortem
1220 2331 1289 2374 om-

263 2423 330 2470 rem
343 2404 493 2470 fortunae
508 2404 662 2490 regnique
672 2406 721 2470 sui
736 2427 810 2470 eum
822 2405 919 2470 rebus
928 2405 1082 2470 Romanis
1096 2404 1286 2469 miscuisset.

263 2511 364 2582 grates
382 2498 453 2563 deis
470 2521 527 2584 pro
545 2500 678 2564 victoria
691 2512 770 2586 aput
787 2521 862 2564 suos
876 2510 1007 2584 penates
1021 2510 1145 2585 ageret3
1164 2499 1287 2563 Romae

263 2589 358 2660 ilium
375 2616 435 2679 pro
454 2614 492 2659 eo
510 2603 665 2658 acturum.
709 2595 906 2681 gratulatum
923 2614 1051 2677 quoque
1073 2592 1148 2657 satis
1173 2613 1231 2657 suo
1249 2613 1288 2658 ac
1305 2608 1323 2656 4

263 2690 357 2774 patris
372 2690 503 2754 nomine
522 2712 602 2754 esse.
644 2690 751 2776 ipsum
772 2690 950 2772 relinquere
972 2710 1107 2774 regnum
1125 2698 1157 2753 et
1174 2687 1289 2752 Africa

263 2786 429 2863 excedere,
448 2796 672 2870 praeterquam
689 2787 777 2869 quod
793 2784 840 2849 illi
857 2784 969 2849 inutile
987 2793 1081 2862 esset,
1099 2806 1165 2849 non
1182 2806 1252 2850 esse
1270 2806 1288 2848 e

263 2901 294 2948 rc
323 2881 454 2966 publica
484 2881 596 2967 populi
622 2881 762 2946 Romani
792 2890 939 2944 senatum
970 2901 1109 2945 censere.
1167 2879 1321 2965 petentia

263 2969 455 3060 Masgabae,
481 2988 518 3040 ut
539 2978 658 3040 Hanno
675 2974 868 3040 Hamilcaris
894 2975 977 3039 filius
1004 2996 1095 3060 opses
1121 2974 1288 3038 inlocum

263 3061 332 3156 ...]
351 3070 505 3156 exigeret.
533 3093 667 3136 munera
685 3093 725 3136 ex
744 3081 873 3135 senatus
891 3070 1035 3134 consulto
1053 3091 1158 3133 emere
1176 3069 1288 3153 regulo
1307 3078 1321 3126 6

263 3177 410 3248 quaestor
435 3165 542 3230 iussus
569 3189 610 3231 ex
631 3176 760 3232 centum
781 3165 889 3251 pondo
916 3163 1054 3250 argenti,
1081 3173 1113 3227 et
1138 3162 1289 3247 prosequi

263 3275 334 3324 eum
341 3260 499 3326 Puteolos
517 3282 708 3344 omnemque
727 3272 901 3346 sumptum,
920 3259 1027 3343 quoad
1043 3258 1077 3322 in
1088 3257 1182 3322 Italia
1194 3267 1288 3334 esset,

263 3355 414 3434 praebere
427 3366 460 3419 et
476 3355 556 3419 duas
569 3377 668 3421 naves
678 3356 866 3432 conducere,
883 3354 998 3437 quibus
1010 3353 1080 3438 ipse
1094 3352 1289 3435 comitesque

263 3449 345 3536 tegis
369 3449 407 3514 in
427 3448 576 3514 Africam
602 3450 849 3528 deveherentur;
876 3460 909 3514 et
934 3447 1103 3513 comitibus
1129 3445 1323 3524 omnibus,r

263 3533 369 3610 liberis
386 3544 567 3627 servisque,
589 3545 780 3611 vestimenta
803 3544 887 3608 data.
931 3542 1019 3607 haud
1035 3542 1081 3607 ita
1097 3542 1198 3605 multo
1215 3551 1289 3628 post
1307 3549 1323 3599 8

263 3631 305 3704 tle
318 3640 419 3705 altero
436 3639 631 3706 Masinissae
647 3641 714 3705 lilio
730 3640 902 3725 Misagene
919 3639 1042 3703 litterae
1060 3635 1185 3701 adlatae
1203 3645 1288 3711 sunt,

263 3733 393 3800 missum
413 3756 489 3799 eum
506 3734 547 3798 ab
565 3735 607 3800 L.
619 3734 725 3800 Paulo
742 3746 815 3820 post
833 3734 995 3799 devictum
1010 3730 1131 3796 Persea
1147 3730 1181 3795 in
1198 3730 1291 3794 Alii-

263 3839 332 3894 ttam
354 3851 430 3894 cum
447 3828 608 3912 equitibus
630 3830 710 3906 suis,
732 3829 953 3914 navigantem,
977 3826 1120 3911 dispersa
1137 3826 1238 3891 classe
1255 3825 1290 3889 in

263 3909 452 3988 Hadriatico
475 3922 557 3988 mari
574 3924 783 3989 Brundisium
804 3923 906 3988 tribus
928 3920 1065 3985 navibus
1084 3943 1217 4006 aegrum
1234 3919 1290 3983 de-

263 4003 372 4084 larum.
403 4015 474 4105 [ad]
485 4040 560 4084 eum
573 4041 647 4084 cum
660 4020 762 4085 isdem
775 4017 972 4095 muneribus,
987 4037 1070 4100 quae
1084 4016 1158 4079 data
1167 4013 1289 4078 Romae
1308 4025 1323 4072 9

263 4103 352 4180 fraui
370 4114 440 4178 eius
458 4124 559 4191 erant,
577 4113 618 4178 1..
634 4113 804 4181 Stertinius
823 4123 973 4199 quaestor
990 4108 1198 4175 Brundisium
1215 4105 1290 4170 mis·

263 4219 326 4287 sus,
346 4205 550 4294 [iussus]que
567 4232 690 4288 curare,
706 4220 744 4274 ut
761 4208 856 4274 aedes
874 4207 968 4293 hospi
987 4204 1010 4291 [.
1021 4251 1030 4270 .
1041 4251 1049 4268 .
1060 4203 1084 4289 .]

323 4304 407 4372 XV.
433 4304 476 4368 In
487 4313 639 4388 quattuor
651 4304 790 4372 urbanas
807 4303 909 4368 tribus
923 4299 1074 4385 descripti
1091 4305 1182 4362 erant
1197 4294 1291 4361 liber·
1310 4317 1326 4364 r
1413 4321 1418 4328 ·

1069 4398 1120 4453 11·
