3359 5092
441 547 559 604 nmsn
573 547 731 617 xxxxv,
749 548 791 603 ar.
805 547 849 604 aa.
870 550 909 616 [a.
919 545 1027 614 0:167]
1183 533 1245 602 187
1304 527 1307 534 “

285 725 361 771 itam
378 713 411 770 et
428 705 584 770 urbanam
601 705 689 791 prius
707 727 758 769 res
772 715 897 790 agatur.
924 704 1003 787 quid
1016 714 1095 790 aput
1104 703 1246 787 Quirites
1265 726 1280 774 9

285 822 392 877 uanos,
411 797 481 866 Ser.
502 797 619 875 Galba,
637 798 778 864 diceres?
794 798 850 862 illa
864 797 948 862 enim
965 797 1024 863 tibi
1041 809 1109 864 tota
1121 799 1248 864 abscisa

285 895 317 958 io
346 905 431 960 esset
463 894 522 958 “in
549 893 685 959 statione
711 893 854 959 severius
880 904 914 960 et
937 893 1090 960 intentius
1117 894 1245 971 stetisti3

285 989 346 1053 liae
373 987 518 1054 acerbius
545 998 577 1053 et
604 987 788 1073 diligentius
813 987 998 1054 circumitae
1026 998 1115 1065 sunt3
1142 989 1247 1073 operis

285 1106 408 1167 squam
426 1094 521 1149 antea
543 1083 662 1159 fecisti,
688 1105 761 1148 cum
783 1082 853 1168 ipse
871 1083 1043 1169 imperator
1064 1094 1101 1148 ut
1118 1094 1248 1148 exactor

285 1178 412 1255 umiret3
430 1178 541 1244 eodem
560 1178 612 1242 die
626 1189 656 1244 et
673 1178 734 1244 iter
746 1177 850 1243 fecisti
868 1178 946 1244 etin
961 1178 1063 1244 aciem
1076 1201 1117 1244 ex
1133 1177 1246 1244 itinere

285 1284 349 1337 ctus
368 1294 412 1337 es.
456 1270 513 1358 ne]
531 1273 686 1338 victorem
703 1272 833 1355 quidem
856 1282 887 1337 te
905 1273 1110 1356 adquiescere
1131 1294 1245 1359 passus
1265 1295 1297 1344 10

298 1366 406 1431 statim
422 1367 465 1431 ad
481 1367 718 1451 persequendos
736 1365 844 1432 hostes
858 1366 959 1432 duxit.
986 1389 1060 1432 cum
1077 1378 1110 1432 te
1127 1366 1247 1453 praeda

285 1460 384 1525 ienda
409 1460 600 1546 locupletem
630 1460 737 1526 facere
762 1471 886 1546 posset,
924 1461 1095 1547 pecuniam
1124 1460 1247 1547 regiam

285 1554 428 1618 relaturus
453 1553 487 1618 in
517 1554 678 1639 triumpho
705 1564 753 1619 est
779 1565 812 1620 et
841 1554 876 1620 in
904 1555 1062 1621 aerarium
1091 1553 1246 1620 laturus.'’

285 1649 397 1713 csicut
414 1648 456 1711 ad
473 1649 609 1713 militum
631 1649 753 1713 animos
776 1649 985 1714 stimulandos
1008 1649 1148 1733 aliquem
1171 1670 1247 1714 acu-
1266 1671 1297 1720 11

285 1742 456 1820 shabent,
478 1743 534 1827 qui
551 1766 665 1829 parum
683 1743 846 1822 hcentiae,
869 1768 983 1830 parum
1001 1744 1153 1810 avaritiae
1171 1765 1247 1809 suae

285 1838 404 1901 rvitum
432 1849 577 1915 censent,
603 1838 650 1902 ita
675 1839 762 1924 apud
788 1839 943 1925 populum
960 1838 1145 1903 Romanum
1169 1838 1247 1903 nihil

285 1931 409 2009 iissent,
433 1932 487 2015 qui
511 1944 548 1997 ut
570 1944 680 1999 vetera
697 1945 794 2017 atque
812 1934 922 1999 audita
939 1933 1160 2020 aparentibus
1179 1932 1245 1997 suis
1265 1954 1297 2003 12

298 2036 432 2111 repetat,
451 2047 533 2109 quae
547 2027 720 2092 ambitione
733 2028 961 2113 imperatorum
976 2027 1083 2093 clades
1096 2037 1247 2113 acceptae

285 2164 293 2194 ,
320 2120 595 2203 quae'severitate
615 2121 741 2210 imperii
763 2122 916 2188 victoriae
938 2133 1063 2207 partae,
1089 2143 1246 2208 proxumo

285 2236 301 2278 e
321 2212 448 2279 Punico
471 2214 556 2280 bello
580 2215 658 2299 quid
678 2216 761 2282 inter
782 2216 831 2281 M.
854 2215 1037 2282 Minucium
1057 2215 1247 2301 magistrum

285 2307 359 2372 itum
383 2319 415 2372 et
438 2307 594 2389 Quintum
616 2310 756 2375 Fabium
777 2310 961 2376 Maximum
983 2310 1172 2400 dictatorem
1197 2308 1247 2373 in·

285 2403 361 2467 uerit
392 2403 546 2468 meminit
598 2404 707 2489 itaque
739 2416 956 2472 accusatorem
987 2404 1110 2469 hiscere
1139 2402 1298 2489 probi-1³

285 2507 337 2561 rset
371 2507 403 2561 et
433 2520 705 2583 supervacaneam
735 2500 955 2566 defensionem
980 2499 1077 2565 Pauli
1106 2498 1244 2564 fecisset.

285 2603 395 2658 ceatur
417 2593 459 2655 ad
481 2594 614 2659 alteram
631 2596 827 2671 contionem,
850 2617 910 2661 nec
928 2594 1071 2677 Quirites
1088 2615 1162 2670 vos,
1189 2592 1298 2661 sed14

285 2697 331 2750 tes
347 2687 459 2751 videor
472 2689 698 2773 appellaturus,
716 2691 743 2755 si
756 2711 875 2755 nomen
891 2690 953 2755 hoc
967 2689 1079 2756 saltem
1096 2689 1247 2754 ruborem

285 2789 357 2845 itere
377 2792 408 2845 et
422 2782 646 2848 verecundiam
664 2784 805 2869 aliquam
821 2783 1022 2870 imperatoris
1035 2782 1177 2849 violandi
1191 2781 1248 2848 ad·

285 2875 428 2960 epossit.

285 2967 488 3037 XXXVIII.
514 2971 676 3057 Equidem
692 2974 761 3060 ipse
778 2974 871 3041 aliter
884 2974 1029 3040 adfectus
1043 2973 1246 3050 animosum,
1266 2991 1279 3038 1

291 3077 367 3150 aput
390 3066 564 3132 exercitum
582 3069 660 3134 mihi
681 3069 768 3154 loqui
787 3069 913 3146 videar,
938 3090 1035 3152 quam
1056 3068 1154 3152 paulo
1172 3077 1246 3132 ante

285 3182 317 3238 n,
343 3182 419 3224 oum
440 3160 483 3226 ad
504 3162 632 3248 plebem
650 3164 807 3229 urbanam
829 3164 995 3249 spectabat
1011 3162 1123 3226 oratio.
1168 3160 1246 3244 quid

285 3275 314 3316 m
330 3253 446 3331 dicitis,
463 3256 598 3322 milites?
615 3257 730 3341 ahquis
747 3269 796 3323 est
813 3258 952 3333 Romae,
970 3266 1097 3341 praeter
1113 3254 1245 3331 Persea,
1264 3272 1280 3318 2

292 3347 481 3434 triumphari
498 3350 538 3416 de
555 3351 790 3419 Macedonibus
808 3352 902 3429 nolit;
920 3361 953 3417 et
970 3372 1044 3415 eum
1061 3370 1127 3414 non
1143 3345 1247 3414 isdem

285 3439 365 3506 ribus
398 3443 575 3530 discerpitis
597 3445 713 3530 quibus
735 3445 935 3514 Macedonas
956 3443 1095 3509 vicistis?
1120 3442 1247 3508 vincere

302 3537 532 3621 prohibuisset,
560 3541 588 3605 si
609 3540 780 3627 potuisset,
807 3540 864 3625 qui
886 3537 1111 3625 triumphantis
1132 3538 1247 3604 urbem

285 3632 474 3717 eprohibet.
507 3635 627 3713 erratis,
645 3636 771 3714 milites,
790 3636 818 3700 si
835 3634 1032 3720 triumphum
1048 3630 1247 3717 imperatoris
1265 3650 1281 3698 tt

285 3746 343 3788 um
360 3736 393 3791 et
409 3747 475 3791 non
490 3728 627 3793 militum
640 3750 769 3814 quoque
783 3741 816 3796 et
832 3727 975 3794 universi
990 3726 1102 3813 populi
1110 3725 1248 3792 Romani

285 3841 291 3882 t
315 3820 414 3885 decus
437 3823 581 3890 censetis.
634 3846 699 3890 non
721 3824 816 3889 unius
838 3823 873 3888 in
898 3823 961 3888 hoc
980 3821 1079 3888 Pauli
1094 3857 1140 3869 -
1155 3819 1246 3886 multi
1264 3839 1282 3886 4

285 3936 325 3990 m,
339 3916 396 3999 qui
405 3915 447 3980 ab
456 3928 570 3983 senatu
583 3941 647 3985 non
660 3919 861 4005 inpetrarunt
873 3916 1080 4004 triumphum,
1092 3915 1127 3981 in
1139 3924 1247 3979 monte

285 4030 348 4073 ano
362 4009 610 4097 triumpharunt3
628 4036 722 4079 nemo
732 4014 773 4078 L.
782 4013 887 4078 Paulo
897 4012 1000 4099 magis
1014 4012 1135 4097 eripere
1149 4007 1247 4074 decus

285 4101 354 4168 :teti
376 4103 453 4169 belli
474 4106 679 4174 Macedonici
700 4118 805 4194 potest
826 4129 925 4192 quem
944 4104 983 4172 O.
1002 4103 1135 4170 Lutatio
1151 4099 1247 4187 primi

285 4197 337 4264 rici
359 4199 450 4277 belli,
476 4222 573 4284 quam
589 4203 630 4268 P.
649 4201 800 4269 Cornelio
822 4200 970 4277 secundi,
992 4205 1105 4283 (quam
1125 4195 1171 4261 illi
1192 4194 1248 4279 qui

285 4294 509 4383 mphaverant)
531 4321 591 4364 nec
612 4299 654 4365 L.
671 4299 812 4365 Paulum
834 4298 991 4396 minorem
1012 4304 1068 4359 aut
1094 4291 1249 4358 maiorem
1266 4309 1281 4360 t
