3359 5092
366 509 429 576 130
552 520 669 576 amaa
685 517 873 588 xxxxuu,
892 517 935 573 25.
949 517 990 573 aa.
1011 517 1194 590 [suessa

331 704 345 752 o
365 680 501 747 cilianda
510 680 612 765 gratia
620 677 723 762 magis
733 675 841 761 cupiit.
856 697 931 739 uam
939 673 1035 740 modo
1044 697 1084 740 ne
1094 675 1219 741 iuvaret
1228 676 1311 740 bello
1321 676 1374 740 Ro

364 797 475 840 manos
490 786 574 839 terra
586 772 739 855 marique,
753 769 849 834 modo
858 769 946 854 pacis
959 769 1134 854 patrandae
1149 792 1224 834 cum
1233 768 1372 835 Romanis

364 868 585 955 paciscebatur
596 864 790 930 mercedem:
808 885 849 929 ne
865 862 949 927 bello
957 862 1123 928 interesset
1140 857 1228 929 mille
1245 861 1373 950 [talenta
1411 867 1415 947 J

331 986 345 1032 a
364 975 401 1028 ut
422 984 534 1049 pacem
557 959 738 1025 conciliaret
754 954 858 1042 mille]
882 967 914 1021 st
936 957 1120 1042 quingenta.
1165 957 1199 1021 in
1218 968 1373 1042 utrumque
1408 963 1415 988 ³

364 1079 428 1122 uon
440 1057 537 1121 fidem
550 1054 647 1119 modo
660 1075 704 1128 se,
720 1051 776 1117 sed
790 1051 917 1117 obsides
926 1072 1054 1137 quoque
1068 1051 1145 1117 dare
1158 1063 1307 1139 paratum
1320 1073 1374 1117 esso
1407 1055 1415 1085 '²

329 1150 560 1223 sostendebat.
595 1146 734 1213 Perseus
752 1146 795 1210 ad
814 1168 883 1211 rem
900 1145 1112 1210 inchoandam
1133 1147 1373 1232 promptissimus
1408 1143 1415 1180 '³

363 1255 429 1311 erat
445 1254 578 1329 cogente
587 1252 676 1309 metu
684 1252 716 1306 et
728 1240 769 1305 de
784 1239 948 1305 obsidibus
959 1239 1150 1325 accipiendis
1161 1240 1231 1305 sine
1241 1240 1373 1306 dilatione
1406 1234 1414 1256 ''

329 1362 344 1409 9
363 1340 489 1426 agebat,
499 1346 763 1421 conveneratque,
774 1347 809 1400 ut
824 1336 946 1421 accepti
956 1332 1086 1401 Cretam
1100 1335 1310 1400 mitterentur.
1332 1333 1373 1400 ubl
1405 1329 1415 1410 ἶ

363 1434 405 1499 ad
417 1433 571 1519 pecuniae
584 1432 777 1496 mentionem
790 1442 923 1495 ventum
937 1440 1014 1506 erat,
1031 1429 1076 1494 ibi
1089 1428 1271 1495 haesitabat
1285 1428 1374 1496 etuti

362 1550 425 1612 que
444 1529 575 1593 alteram
587 1527 621 1590 in
638 1525 717 1590 tanti
730 1524 867 1589 nominis
885 1524 1015 1610 regibus
1034 1537 1160 1610 turpem
1174 1545 1214 1590 ac
1230 1524 1372 1590 sordidam
1401 1518 1415 1586 ’ἑ

313 1644 345 1691 ro
363 1633 394 1687 et
416 1621 504 1686 danti
527 1631 559 1686 et
579 1619 683 1705 magis
710 1619 879 1703 accipienti
904 1618 1085 1684 mercedem
1110 1641 1181 1684 esse
1210 1618 1372 1697 aiebat3ir
1400 1615 1407 1654 .÷

362 1737 452 1801 spem
469 1714 634 1779 Romanae
656 1711 744 1800 pacis
766 1735 831 1778 non
853 1733 999 1778 recusare
1026 1712 1212 1799 inpensam,
1239 1713 1297 1779 sed
1318 1733 1372 1779 esu

361 1810 529 1896 pecuniam
552 1808 695 1894 perfecta
716 1830 751 1873 rs
773 1808 937 1884 daturum,
963 1807 1085 1872 interea
1103 1806 1330 1874 Samothracae
1348 1807 1371 1872 ia
1397 1828 1415 1866 ²:-

313 1925 343 1972 11
362 1904 479 1989 templo
498 1903 727 1988 depositurum.
754 1923 793 1967 ea
809 1902 914 1967 insula
931 1923 1005 1966 cum
1022 1901 1121 1987 ipsius
1143 1901 1279 1967 dicionis
1297 1911 1370 1976 esset
1398 1899 1415 1942 '⁴'

361 1997 468 2062 videre
485 1995 646 2062 Eumenes
664 1994 744 2061 nihil
760 1997 929 2072 interesse,
952 2019 993 2059 an
1009 1995 1119 2061 Pellae
1137 1997 1278 2082 pecunia
1295 2003 1369 2070 esset,
1402 1999 1415 2078 3'·

312 2113 343 2160 ra
360 2090 394 2154 id
412 2112 507 2175 agere
520 2100 556 2154 ut
573 2101 696 2176 partem
711 2090 851 2173 aliquam
867 2101 1067 2176 praesentem
1084 2090 1191 2156 ferret.
1221 2091 1267 2157 ita
1279 2089 1370 2176 nequi·
1396 2087 1404 2129 ἶ

361 2204 458 2268 quam
474 2183 557 2249 inter
575 2206 609 2248 se
627 2184 746 2270 captati
761 2183 841 2248 nihil
859 2195 984 2269 praeter
1002 2184 1167 2248 infamiam
1186 2208 1324 2251 movere.

328 2300 340 2346 1
423 2272 556 2344 XXVI.
583 2278 653 2344 Nec
674 2278 754 2344 haec
776 2289 900 2343 tantum
922 2276 1033 2343 Persei
1059 2301 1116 2364 per
1143 2280 1314 2345 avaritiam
1336 2289 1370 2344 cst
1397 2277 1415 2298 '¹

361 2370 490 2437 dimissa
506 2395 571 2450 res,
598 2394 672 2438 cum
688 2373 824 2458 pecunia
841 2372 967 2438 modica
985 2383 1041 2437 aut
1062 2394 1175 2459 paoem
1194 2374 1313 2440 habere
1328 2391 1372 2460 pa

358 2465 544 2545 Eumenen,
571 2490 654 2552 quae
680 2470 732 2533 vel
758 2480 848 2554 parte
874 2467 965 2554 regni
992 2468 1178 2534 redimenda
1206 2481 1306 2546 esset,
1331 2477 1373 2534 aut
1402 2491 1404 2498 ·

360 2560 510 2647 deceptus
529 2562 711 2647 protrahere
728 2562 893 2627 inimicum
906 2563 1053 2629 mercede
1066 2574 1219 2628 onustum
1234 2576 1266 2629 et
1283 2564 1374 2628 hostat

325 2675 341 2722 2
359 2656 471 2721 merito
489 2655 689 2721 eiRomanos
707 2667 814 2741 posset
831 2656 953 2734 facere3
972 2658 1029 2722 sed
1047 2667 1079 2722 et
1096 2668 1170 2723 ante
1182 2656 1285 2724 Genti
1302 2657 1373 2744 regis

359 2759 470 2833 parata
487 2749 621 2814 societas
640 2761 671 2816 et
687 2762 756 2815 tum
771 2749 939 2816 Gallorum
957 2752 1132 2817 effusorum
1149 2775 1210 2837 per
1223 2753 1375 2838 Illyricum

325 2842 472 2927 tingens
489 2842 632 2910 oblatum
651 2841 834 2931 [auxilium]
854 2846 986 2911 avaritia
1004 2846 1169 2911 dimissum
1187 2860 1247 2912 est.
1283 2846 1377 2914 venia·

360 2934 438 2998 bant
447 2934 556 3000 decem
565 2936 653 3001 milia
661 2938 813 3021 equitum,
823 2962 1041 3024 paruumerus
1050 2940 1194 3025 peditum
1205 2952 1238 3007 et
1247 2942 1376 3028 ipsorum

359 3027 558 3114 iungentium
568 3051 696 3096 cursum
710 3033 800 3116 equis
811 3044 843 3098 et
855 3033 992 3099 invicem
1006 3036 1229 3121 prolapsorum
1245 3035 1375 3120 equitum

324 3143 476 3190 tvacuos
503 3125 697 3211 capientium
723 3126 764 3191 ad
789 3150 933 3213 pugnam
959 3150 1068 3213 equos.
1121 3127 1155 3193 hi
1181 3132 1271 3214 pacti
1297 3139 1373 3199 eraut

358 3240 456 3304 eques
480 3218 577 3285 denos
600 3233 781 3307 praesentes
800 3245 929 3301 aureos,
952 3224 1049 3308 pedes
1068 3223 1194 3307 quinos,
1215 3228 1303 3294 mille
1320 3226 1375 3290 dux
1404 3187 1415 3314 l

325 3329 341 3378 a
360 3334 479 3380 eorum.
511 3315 711 3380 venientibus
728 3315 778 3380 his
791 3316 930 3383 Perseus
949 3319 991 3382 ab
1000 3317 1104 3404 Elpeo
1122 3342 1163 3384 ex
1181 3322 1295 3386 castris
1313 3340 1373 3407 pro·
1413 3319 1414 3326 '

358 3404 461 3470 fectus
484 3407 612 3471 obviam
638 3431 712 3474 cum
739 3411 870 3479 dimidia
893 3411 1056 3498 copiarum
1083 3424 1173 3498 parte
1196 3414 1372 3480 denuntiare

357 3520 415 3582 per
432 3500 519 3565 vicos
533 3501 700 3586 urbesque,
719 3526 801 3589 quae
815 3506 886 3571 viae
900 3507 1097 3592 propinquae
1111 3519 1196 3586 sunt,
1217 3510 1329 3597 coepit,
1344 3517 1372 3572 ut

357 3604 553 3658 commeatus
571 3598 769 3681 expedirent,
788 3600 954 3677 frumenti,
972 3600 1047 3678 vini,
1065 3623 1220 3688 pecorum
1239 3616 1276 3670 ut
1292 3601 1370 3689 copis

324 3704 339 3751 o
359 3698 451 3751 esset.
486 3686 554 3773 ipse
572 3711 670 3773 equos
688 3692 898 3778 phalerasque
916 3706 948 3760 et
965 3696 1077 3781 sagula
1095 3696 1216 3763 donum
1235 3695 1370 3785 principi·
1411 3687 1415 3696 ’

358 3778 418 3844 bus
440 3779 523 3847 ferre
545 3792 578 3847 et
594 3806 726 3869 parvom
748 3788 833 3863 auri,
862 3789 948 3873 quod
969 3788 1051 3855 inter
1072 3813 1192 3876 paucos
1217 3792 1369 3866 divideret

325 3892 339 3938 7
357 3872 594 3941 multitudinem
603 3878 733 3944 credens
748 3881 829 3945 trahi
839 3905 896 3968 spe
904 3905 1008 3969 posse.
1036 3884 1077 3949 ad
1086 3885 1262 3952 Almanam
1271 3887 1369 3953 urbem

356 3968 514 4053 pervenit,
539 3984 571 4037 et
599 3970 632 4036 in
657 3973 727 4059 ripa
748 3975 887 4041 fluminis
911 3976 978 4041 Axi
1004 3978 1110 4063 posuit
1137 3991 1254 4047 castra.
1297 3980 1368 4046 mo·

356 4059 566 4129 Desudabam
588 4065 621 4130 in
643 4066 794 4134 Maedica
816 4070 973 4136 exercitus
993 4069 1162 4139 Gallorum
1184 4073 1368 4148 consederfll,

323 4172 339 4220 8
357 4157 535 4223 mercedem
552 4171 678 4246 pactam
697 4162 874 4249 opperiens.
922 4187 959 4230 eo
982 4166 1079 4232 mittit
1096 4168 1313 4255 Antigonum,
1336 4185 1369 4232 ex

356 4253 537 4334 purpuratis
556 4277 665 4333 arnum,
684 4257 740 4339 qui
756 4258 881 4325 iuberet
897 4261 1133 4328 multitudinem
1152 4261 1320 4330 Gallorum
1336 4257 1370 4326 td
